4910 6372
1066 695 1189 704 ..m
1240 658 1445 718 19.-.

1225 843 1288 918 X*

603 985 782 1084 'Topper
810 985 985 1082 capesset
1013 978 1361 1058 flamma-Volcani
1391 1036 1398 1051 .
1429 983 1446 1050 .'
1474 1035 1482 1051 .

1222 1183 1307 1257 XI*

481 1397 490 1413 ,
529 1338 569 1396 70
1001 1321 1250 1419 atque-priris
1280 1321 1404 1419 pariet
1431 1318 1580 1394 locusta

623 1460 767 1533 Lucam
793 1459 932 1532 bouem
962 1516 969 1529 .
994 1463 1012 1532 .'
1036 1503 1081 1530 .-

1223 1663 1361 1736 ΧΠΔ

623 1801 748 1890 Quam
777 1799 963 1902 liquidum
995 1855 1358 1877 ..........
1395 1823 1543 1870 amnem

1213 1985 1308 2077 xn'r

625 2137 793 2212 Samnite

1110 2388 1116 2399 ·
1205 2341 1298 2416 XlV

528 2477 678 2554 Gellius
700 2477 736 2552 V
759 2482 802 2552 12
827 2479 1087 2553 ‘Lucetium
1113 2491 1238 2552 autem
1262 2479 1395 2552 Iouem
1414 2477 1483 2554 On.
1502 2479 1670 2553 Naeuius
1697 2479 1735 2551 in
1759 2478 1868 2552 libris
1891 2476 1982 2551 belli
2004 2477 2158 2550 Poenici

363 2613 557 2713 adpellat'

1218 2819 1320 2894 XV*

529 2957 666 3050 Festus
691 2985 727 3056 p.
752 2960 824 3030 262
850 2957 898 3030 M.
921 2957 1074 3053 ‘[runa
1095 2983 1216 3054 genus
1236 2955 1302 3030 teli
1326 2957 1519 3054 significat
1537 3012 1657 3029 .....
1679 2957 1813 3052 ru]nas
1921 3009 1929 3025 .
1950 3010 1957 3024 .
1979 3009 1986 3024 .

400 3117 555 3164 ...ae
1078 3091 1723 3190 Naeui[us...........idem
1752 3088 2086 3189 pojlsuitfflnnius
2121 3087 2161 3160 in

363 3225 388 3299 l.
412 3227 445 3299 I:
469 3240 606 3301 runata
627 3229 785 3322 recedit,
813 3230 836 3300 i.
857 3255 887 3302 e.
913 3227 1074 3327 pilata].’
1133 3228 1275 3304 Paulus
1299 3229 1403 3304 Festi
1430 3258 1466 3329 p.
1487 3230 1560 3301 263
1579 3229 1628 3300 Μ.
1653 3231 1787 3300 ‘runa
1809 3251 1930 3322 genus
1954 3223 2018 3298 teli
2045 3223 2161 3318 signi-

363 3362 463 3436 ficat.
517 3364 683 3438 Ennius:
706 3378 843 3439 runata
868 3364 1028 3459 recedit,
1056 3364 1096 3439 id
1120 3377 1178 3440 est
1199 3365 1343 3466 pilata!

1222 3570 1315 3644 XVI

530 3705 667 3778 Festus
696 3731 733 3802 p.
765 3707 837 3778 316
865 3707 914 3779 Μ.
946 3712 1199 3806 ‘supparus
1232 3707 1448 3802 [dicebatur
1477 3703 1662 3802 puellare]
1695 3705 1976 3800 uestimenl'tum
2008 3703 2161 3787 lineum,

365 3839 466 3936 quod
497 3849 533 3911 et
556 3838 760 3936 s]ubuenla
783 3841 1078 3940 ap[pellabatur.
1132 3843 1298 3916 Titinius
1321 3842 1378 3941 i]n
1406 3839 1586 3914 Fullonia
1613 3896 1894 3912 ..........
1924 3867 2034 3913 omne
2060 3840 2164 3938 quod

366 4093 509 4155 feminina,
532 4095 560 4143 in
579 4099 694 4159 utraque
718 4101 808 4146 tamen
829 4097 1021 4147 terminatione
1047 4097 1196 4147 eommunis
1222 4097 1305 4147 etium
1328 4097 1436 4162 generis
1459 4095 1635 4146 inueniuntur
1658 4094 1766 4158 prolata
1788 4123 1820 4132 -
1847 4096 1968 4146 Naeuius
1992 4097 2020 4146 in
2046 4099 2165 4147 carmine

366 4179 431 4228 belii
456 4180 564 4229 Punici:
585 4169 685 4230 fames*
707 4197 730 4232 e.
752 4199 778 4248 q.
799 4199 821 4232 s.
858 4182 934 4233 Idem
959 4184 998 4234 VI
1016 4200 1042 4248 p.
1062 4182 1113 4234 696
1132 4185 1163 4234 Ρ.
1184 4181 1210 4248 (Ι
1228 4183 1280 4233 246
1297 4181 1357 4248 Kr.)
1379 4182 1486 4232 ‘alacer
1510 4180 1622 4242 alacris,
1648 4195 1723 4230 acer
1750 4182 1829 4230 aeris.
1866 4182 1903 4230 Et
1927 4182 2065 4232 sciendum
2092 4183 2164 4246 qnod

367 4267 395 4314 in
415 4273 530 4330 utraque
548 4268 738 4317 terminatione
756 4270 898 4335 utriusque
916 4271 1022 4332 generis
1041 4271 1217 4320 inueniuntur
1229 4270 1297 4320 haee
1317 4308 1323 4320 .
1345 4309 1351 4321 .
1372 4309 1378 4320 .
1398 4269 1519 4319 Naeuius
1537 4268 1565 4316 in
1584 4268 1702 4318 oannine
1721 4266 1785 4316 belli
1803 4267 1912 4316 Punici:
1930 4267 2027 4318 iames’
2047 4285 2071 4319 e.
2093 4285 2118 4333 q.
2140 4283 2163 4318 s.

472 4353 495 4402 X
520 4352 619 4402 Festus
640 4369 666 4418 p.
693 4354 743 4404 352
768 4355 806 4404 M.
844 4361 976 4420 ‘topper
994 4355 1148 4420 significare
1172 4357 1212 4405 ait
1236 4357 1359 4406 Artorius
1389 4355 1458 4413 cito,
1481 4354 1612 4414 fortasse,
1639 4354 1776 4413 celeriter,
1802 4359 1912 4403 temere.
1957 4354 2041 4414 cito,
2068 4355 2107 4403 sic
2137 4354 2165 4401 in

366 4436 444 4486 Nelei
468 4439 588 4488 carmine
610 4477 616 4488 .
636 4477 642 4489 .
662 4477 667 4488 .
696 4440 821 4502 citius,
841 4442 879 4490 sic
898 4442 946 4492 Cn.
964 4442 1100 4492 Naeuius:
1120 4447 1244 4506 capesset
1264 4480 1269 4492 .
1291 4479 1297 4492 .
1319 4479 1325 4491 .
1344 4441 1481 4491 Volcani)
1505 4439 1546 4502 (C.
1565 4442 1832 4504 naeuicapesset
1850 4440 1909 4490 cod.
1932 4445 2002 4490 teste
2020 4439 2056 4490 Η.
2076 4440 2164 4490 Keilio

368 4527 386 4576 l.
413 4529 431 4576 l.
452 4545 479 4592 p.
498 4527 561 4590 626)
586 4527 690 4588 ‘cito,
710 4527 749 4576 sie
771 4527 799 4576 in
823 4527 931 4576 eodem:
955 4542 1072 4592 numque
1089 4526 1192 4577 nullum
1209 4528 1306 4592 [peius
1329 4531 1449 4577 macerat
1471 4527 1614 4576 homonem
1640 4525 1831 4590 (humanum
1856 4525 1928 4590 eod.)
1954 4524 2071 4590 quamde
2092 4541 2165 4575 mare

367 4613 511 4680 saeuum.[
533 4614 613 4664 Vires
633 4611 736 4676 (niret
754 4613 827 4678 cod.)
847 4614 891 4664 cui
909 4619 973 4664 sunt
989 4629 1105 4678 magnae
1125 4619 1222 4678 topper
1240 4615 1412 4678 confringent
1427 4611 1431 4681 [
1448 4614 1610 4677 inportunae
1629 4614 1738 4663 undee’
1782 4615 1833 4662 sic
1855 4613 1887 4662 in
1906 4610 2033 4677 eodem]
2058 4613 2107 4661 sic
2132 4612 2165 4661 in

370 4699 528 4765 Odyssea
546 4699 713 4765 scaligerum
732 4705 841 4749 secutus
860 4700 892 4750 G.
909 4701 1081 4751 Hermannus
1100 4701 1117 4750 l.
1137 4700 1155 4750 l.
1176 4717 1203 4765 p.
1223 4701 1286 4760 6233
1314 4705 1344 4750 ut
1364 4701 1398 4750 ad
1416 4701 1524 4750 Liuium
1545 4701 1637 4750 redeat
1661 4700 1843 4766 fragmentum
1868 4697 1938 4749 conl.
1963 4700 2042 4760 Hom.
2068 4697 2119 4749 0‹1.
2143 4697 2166 4746 il

370 4783 427 4835 138.
466 4787 527 4846 Qua
550 4801 579 4836 re
597 4785 659 4834 hine
678 4784 781 4834 exclusi
801 4800 895 4835 uersus
1005 4788 1044 4837 XI
1062 4765 1201 4836 virro'ds
1217 4787 1248 4837 1..
1269 4787 1300 4836 L.
1326 4787 1380 4836 VII
1410 4785 1444 4836 39
1470 4787 1506 4836 M.
1541 4787 1631 4850 ‘apud
1659 4787 1806 4836 Naeuium:
1836 4792 1985 4851 atque..
2007 4824 2013 4836 .
2039 4787 2165 4836 bouem.

369 4871 463 4920 Luca
489 4871 549 4919 bos
575 4871 706 4934 elephas.'
802 4869 873 4936 ,xll
897 4872 996 4922 Festus
1021 4889 1047 4936 p.
1070 4873 1121 4924 293
1148 4873 1187 4923 M.
1218 4872 1418 4923 ‘sublicium
1447 4870 1568 4938 pon[tem
1595 4871 1704 4936 quidam
1729 4873 1836 4940 putant]
1859 4871 2023 4938 appellatum
2057 4869 2127 4936 [esse
2152 4886 2168 4918 a

371 4954 493 5021 sublicis]
519 4981 550 4990 —
575 4985 611 4994 -
639 4960 665 5006 et
691 4956 812 5005 meminit
843 4954 954 5021 [sublici
981 4959 1073 5022 pontis
1100 4958 1231 5025 Naeuius]
1260 4960 1306 5024 qui
1330 4959 1369 5008 ait
1399 4958 1511 5008 inbelli
1532 4956 1637 5023 [Punici
1669 4959 1739 5010 libro
1765 4998 1798 5010 ..
1820 4958 1842 5025 .]
1875 4974 1969 5024 quam
2002 4958 2166 5023 liquidum

370 5078 657 5092 ...........
685 5047 831 5092 amnem)
938 5043 1006 5093 xm
1032 5045 1189 5094 Priscianus
1207 5046 1246 5095 VI
1264 5061 1290 5110 p.
1311 5046 1410 5096 70712.
1431 5044 1455 5103 (Ι
1474 5046 1519 5096 261
1543 5045 1604 5108 Kr.)
1624 5045 1679 5096 ‘hic
1706 5047 1818 5096 ethaeo
1843 5046 1964 5101 Samnis.
1989 5046 2068 5094 huius
2094 5043 2168 5093 Sam·

531 5309 571 5371 69
596 5320 705 5391 topper
733 5325 873 5393 capesset
900 5315 1020 5374 flamma
1045 5319 1184 5390 Berpdius
1207 5321 1323 5392 Epdcm.
1351 5325 1397 5377 lid.
1423 5322 1490 5377 Hal.
1523 5317 1601 5379 1812
1625 5324 1660 5378 II
1683 5341 1714 5393 p.
1738 5317 1808 5378 246.
1838 5327 1979 5400 capesset
2008 5316 2166 5381 flammam,

368 5437 418 5472 our.
442 5424 566 5494 topper,
594 5417 655 5471 cod.
676 5424 817 5492 capesset
844 5425 953 5492 topper
976 5416 1125 5475 flammam
1149 5423 1179 5476 0.
1202 5421 1352 5476 Muellerum
1438 5419 1477 5478 70
1500 5423 1626 5478 Saturnir'
1647 5425 1805 5494 particulos
1828 5425 1943 5495 refinxit
1965 5422 1994 5481 0.
2017 5417 2168 5472 Muellerus

455 5512 495 5572 72
523 5536 614 5596 quam
641 5515 789 5596 liquidum
815 5513 954 5594 [sublicio
978 5527 1077 5576 tranat
1099 5515 1204 5598 ponte]
1233 5539 1352 5578 amnem
1382 5524 1498 5579 Vrsinus

1790 5601 1833 5662 3*
