4910 6372
1044 594 1405 656 mg—

490 769 529 833 ln
552 771 657 834 triade
684 772 947 836 emendationum
976 795 1063 837 nunc
1086 774 1235 840 desinere
1257 777 1391 864 placuit.
1461 776 1575 863 Itaque
1613 775 1741 840 Vellei
1774 776 1984 842 Paterculi
2016 780 2123 844 locum

322 888 461 972 ascripsi
486 886 536 972 (II
558 883 626 973 28),
651 911 748 975 quem
770 889 875 956 codex
897 890 994 954 ualde
1017 902 1205 978 corruptum
1227 893 1378 959 tradidit:

527 1005 658 1070 Primus
681 1005 737 1071 ille
760 1017 793 1071 et
814 1009 940 1072 utinam
967 1007 1102 1072 ultimus
1126 1010 1310 1098 exemplum
1332 1013 1581 1099 proscriptionis
1604 1014 1750 1093 inuenit,
1778 1021 1815 1075 ut
1838 1015 1872 1076 iu
1895 1035 1960 1100 qua
1987 1005 2137 1078 ciuitate'

529 1123 707 1209 petulantis
736 1125 877 1190 conuicii
903 1127 1061 1190 iudicium
1083 1127 1290 1192 historiarum
1317 1130 1403 1214 (siue
1426 1129 1730 1215 historiarium)
1752 1127 1879 1194 exalto
1901 1131 2065 1212 redditur,
2087 1134 2122 1197 in

533 1263 572 1303 ea
592 1241 729 1327 iugulati
750 1243 833 1306 ciuis
855 1245 936 1331 reip.
960 1247 1214 1310 constitueretur
1233 1255 1522 1311 auctoramentum.

244 1379 251 1388 ·
324 1357 461 1420 Sensum
496 1359 664 1444 scriptoris
701 1359 836 1446 elegans
869 1359 925 1424 ille
959 1373 1007 1426 et'
1025 1363 1216 1448 ingeniosus
1245 1363 1352 1429 Vellei
1380 1366 1587 1446 emendator,
1617 1363 1731 1427 Dauid
1759 1363 1994 1446 Ruhnkcnius,
2024 1368 2120 1432 uele

322 1475 473 1539 sordibus
503 1475 664 1561 dispexit:
699 1487 802 1563 ‘quae
834 1482 953 1544 ciuitas
985 1482 1074 1544 ciues
1106 1502 1182 1545 suos
1207 1491 1300 1546 tanta
1328 1503 1407 1547 cura
1435 1483 1613 1547 defendere
1642 1481 1784 1562 solebat,
1818 1491 1854 1544 ut
1885 1485 1983 1546 etiam
2009 1507 2118 1570 perso-

282 1671 283 1681 *
321 1613 385 1654 nae
406 1593 534 1669 infami,
557 1591 726 1677 histrioni,
755 1597 916 1662 aduersus
942 1620 1016 1662 eum
1041 1620 1061 1660 a
1084 1621 1148 1685 quo
1170 1600 1358 1685 petulanter
1380 1609 1517 1664 exactus
1537 1611 1642 1681 esset,
1668 1599 1789 1684 agendi
1811 1610 2018 1686 potestatem·
2032 1603 2118 1666 faee-

321 1722 388 1790 ret,
409 1733 448 1791 11
472 1712 538 1774 iam
561 1733 770 1797 percussores
792 1717 949 1802 praemiis
969 1717 1147 1803 propositis
1171 1717 1214 1781 ad
1237 1718 1327 1782 ciues
1346 1717 1545 1803 iugulandos
1566 1716 1755 1781 inuitabat?
1801 1717 1863 1780 Cui
1887 1717 1970 1782 illud
1990 1741 2119 1807 quoque

321 1829 472 1908 debetur,
512 1831 601 1916 quod
636 1852 695 1917 pro
729 1831 780 1895 his
822 1835 932 1897 ciuis
961 1835 1058 1921 reip.
1089 1855 1175 1898 nunc
1208 1835 1317 1900 ciuis
1346 1835 1514 1899 Romani
1541 1835 1678 1921 legitur:
1714 1858 1787 1899 curn
1817 1834 1984 1900 Puteanus
2008 1840 2116 1902 ciuis

321 1949 493 2012 Romani
515 1947 685 2034 publice
708 1951 878 2035 praeisset.
921 1951 1097 2039 Superiora
1120 1951 1177 2015 illa
1199 1951 1469 2017 historiarum
1491 1975 1539 2016 ex
1563 1954 1648 2017 alto
1671 1955 1795 2039 primus
1818 1957 1991 2039 temptauit
2013 1957 2118 2022 editor

324 2066 521 2130 Basileensis
545 2066 591 2128 ita
613 2067 841 2131 rescribendo:
864 2068 1067 2134 histrioni
1097 2069 1279 2133 exoleto:
1309 2070 1350 2134 de
1379 2072 1499 2158 quibus
1528 2093 1663 2158 prorsus
1687 2093 1794 2135 meum
1817 2073 1903 2135 faeie
1927 2072 2117 2138 Ruhnkenii

321 2184 496 2248 iudicium:
534 2185 675 2270 ‘optime
703 2185 917 2269 histrioni,
941 2188 1082 2274 pessime
1113 2187 1307 2253 exoleto?
1369 2189 1434 2253 Sed
1470 2191 1498 2254 is
1534 2210 1652 2253 uereor
1691 2199 1728 2250 ut
1761 2211 1917 2277 prospere
1947 2191 2115 2275 diuinarit,

321 2324 394 2366 cunr
424 2313 568 2365 exacto
597 2312 735 2390 reponat
763 2325 821 2387 pro
850 2325 898 2367 ex
924 2305 1016 2369 alto.
1061 2304 1165 2369 Vsum
1183 2306 1317 2392 quidem
1338 2308 1433 2372 uerbi
1453 2307 1612 2392 eleganti,
1646 2317 1682 2370 ut
1718 2307 1862 2390 adsolet,
1894 2311 2116 2396 exemplorum

321 2421 452 2485 delectu
474 2420 677 2484 inlustrauit:
698 2397 996 2489 ae‘subseriberem
1015 2427 1235 2506 coniecturae,
1255 2427 1319 2489 nisi
1341 2427 1517 2491 admodum
1541 2425 1643 2490 otiose
1667 2447 1705 2488 ea
1726 2446 1792 2489 uox
1804 2424 1918 2490 addito
1941 2428 2117 2493 uideretur.

322 2538 435 2624 Neque
455 2559 533 2602 nero
557 2538 761 2604 desideratur
780 2541 956 2627 quicquam
978 2563 1042 2627 quo
1066 2541 1180 2606 histrio
1204 2544 1407 2628 significetur
1419 2545 1593 2611 definitius.
1639 2543 1684 2606 At
1706 2565 1779 2606 eurn
1799 2543 1835 2606 id
1855 2555 1933 2630 agat
1956 2545 2113 2630 Velleius,

321 2665 357 2719 ut
382 2655 498 2719 infami
527 2679 687 2742 personae
712 2658 817 2721 ciuem
847 2660 1030 2723 Romanurn
1054 2671 1214 2747 opponat,
1238 2685 1302 2746 quo
1320 2663 1478 2726 infamiae
1497 2665 1585 2726 notio
1607 2663 1643 2725 in
1665 2662 1779 2747 primis
1805 2673 1978 2748 urgeatur,
2010 2669 2115 2752 potuit

321 2774 458 2838 alterum
494 2775 640 2838 eiusdem
672 2777 803 2856 generis
839 2777 1001 2841 hominem
1022 2778 1172 2843 histrioni
1197 2783 1231 2843 in
1262 2782 1451 2844 societatem
1473 2781 1661 2863 adiungere.
1707 2779 1770 2843 Oui
1796 2784 1979 2846 sententiae
1999 2783 2114 2847 fauent

321 2897 465 2958 niaxime
486 2895 667 2956 litterarum
690 2896 816 2981 apices,
841 2895 998 2982 equibus
1022 2895 1086 2958 ΕΤ
1109 2895 1414 2962 SALTATORI
1436 2897 1627 2962 redditur
1650 2898 1755 2960 elicio.

485 3009 625 3074 Tantum
654 3023 718 3075 est:
745 3035 783 3075 ac
805 3015 832 3075 si
854 3015 889 3078 in
927 3013 978 3076 his
1009 3015 1070 3076 erit
1099 3017 1185 3100 quod
1213 3017 1338 3082 calculo
1365 3017 1454 3080 TVO
1485 3016 1691 3103 probaueris,
1721 3015 1884 3079 laetabor:
1920 3021 1971 3082 sin
1997 3023 2116 3098 rninus,
2210 3095 2217 3112 ⁵

322 3141 435 3210 gratus
459 3128 585 3192 TVAM
608 3132 768 3216 accipiam
792 3134 1086 3217 reprehensionem.
