4910 6372
579 907 628 980 El
649 911 754 982 uenit
773 909 812 982 in
832 911 1225 984 mentem-hominum
1245 911 1418 985 fortunas

1186 1063 1249 1138 V*

1063 1242 1077 1254 -
1101 1198 1121 1272 ,³
1141 1199 1341 1273 amborum
1359 1201 1497 1272 uxdres

580 1329 616 1402 N
618 1331 705 1402 octd
727 1321 884 1404 'I'roisidx
894 1330 1272 1434 exibant-adpitibds
1296 1335 1439 1434 opertis

582 1462 738 1539 Flentes
758 1466 894 1556 ambae
913 1466 1299 1543 abeuntes-ldarimis
1322 1471 1408 1544 adm
1428 1469 1558 1544 mdltis

1194 1621 1249 1696 VI

493 1761 528 1820 ¹0
581 1750 725 1823 Eordm
749 1755 890 1827 sectam
909 1755 1227 1830 secuntur-mdlti
1248 1756 1428 1832 mortales

1000 1891 1019 1932 *
1250 1892 1278 1934 *a

1125 1949 1145 1990 *

1141 1985 1285 2101 -mdlti
1308 2025 1376 2100 alil
1397 2052 1417 2100 e
1438 2025 1559 2100 Troia

585 2155 738 2231 Strenul
767 2158 876 2232 uiri.
907 2165 925 2232 .'
953 2217 960 2232 .
990 2206 1005 2218 -

999 2299 1018 2338 *
1246 2301 1265 2342 ²8

1123 2355 1143 2396 3

581 2425 659 2499 Vbl
678 2427 782 2502 fords
811 2455 897 2503 aum
922 2433 1015 2506 adro
1031 2432 1147 2509 -llluo
1171 2437 1327 2510 exibant

1166 2587 1272 2662 VH*

491 2716 646 2791 Seruius
666 2716 705 2788 in
723 2715 817 2790 Aen.
836 2718 855 2790 Ι
877 2721 948 2794 170
967 2727 1126 2796 ‘nouam
1144 2735 1270 2797 tamen
1290 2748 1370 2796 rem
1387 2721 1556 2795 Naeuius
1575 2721 1678 2797 bello
1695 2723 1840 2796 Punico
1863 2722 1966 2815 dicit,
1985 2749 2118 2796 unam

325 2878 487 2926 nauem
509 2851 982 2950 habuisse‘Aeneam,
1011 2883 1144 2955 quam
1169 2857 1433 2933 Mercurius
1459 2856 1656 2931 fecerit?

1156 3027 1281 3102 VHI*

585 3155 708 3232 Senex
733 3155 851 3232 fretds
876 3159 1030 3258 pietatei
1045 3206 1058 3216 -
1074 3162 1185 3236 deum
1209 3161 1409 3236 adlocutus
1438 3160 1573 3234 summi

494 3308 531 3366 15
584 3291 708 3364 Derim
730 3295 832 3390 regis
856 3293 1012 3370 fratrem
1034 3297 1284 3396 Nep-trinum
1305 3299 1547 3394 regnatorem

583 3427 730 3500 Mardm

1455 2254 1479 2299 Γ

482 3649 519 3698 IV
545 3648 702 3698 Priscianus
726 3647 767 3697 VI
793 3664 819 3712 p.
847 3649 899 3702 679
922 3653 954 3702 P.
981 3653 1005 3716 (Ι
1032 3655 1081 3704 221
1111 3655 1172 3719 Κι.)
1201 3655 1332 3705 ‘eiusdem
1359 3655 1387 3705 id
1410 3660 1451 3705 est
1479 3654 1582 3718 primae
1605 3649 1795 3712 declinationis
1826 3649 2013 3699 femininorum
2039 3668 2118 3715 gene-

327 3737 411 3784 tiuum
431 3735 513 3784 etiam
531 3734 559 3782 in
577 3748 612 3783 as
631 3749 705 3783 more
728 3733 832 3784 Graeco
856 3735 981 3788 solebant
1004 3739 1186 3805 antiquissimi
1209 3743 1354 3791 terminare
1378 3780 1383 3791 .
1405 3778 1411 3790 .
1433 3777 1439 3790 .
1465 3740 1560 3790 LIuius
1584 3763 1615 3772 —
1640 3736 1761 3786 Naeuius
1784 3734 1811 3782 in
1836 3734 1954 3784 carmine
1976 3735 2040 3785 belli
2066 3739 2118 3787 Pu-

326 3822 379 3870 nici
398 3821 497 3885 primo:
516 3817 629 3886 [XVIII]
648 3819 675 3868 in
694 3817 802 3870 eodemr
821 3823 854 3872 ei
937 3825 1097 3875 fortunas!
1112 3841 1161 3890 pro
1180 3827 1327 3878 fortunae)
1349 3825 1524 3890 (furtunae
1541 3821 1662 3888 Sangall.
1677 3821 1765 3885 Lugd.
1778 3818 1908 3883 Karolir.)
1945 3821 1986 3869 Ad
1998 3823 2117 3872 Aeneam

327 3907 359 3956 dc
378 3923 464 3956 rerum
479 3907 657 3956 Troianorum
675 3906 755 3956 ruina
772 3913 941 3970 reputantem
959 3911 1026 3962 haec
1044 3911 1132 3962 refero
1150 3927 1210 3961 cum
1228 3913 1411 3962 Klussmanno
1515 3910 1540 3960 V
1558 3909 1668 3960 Seruius
1685 3908 1712 3956 in
1733 3909 1800 3957 Aen.
1820 3906 1863 3956 111
1884 3906 1916 3954 10
1933 3911 2018 3956 ‘amat
2036 3911 2118 3971 potita

327 4007 396 4058 quae
413 3991 480 4056 legit
498 3993 633 4043 inmutata
650 3992 742 4056 aliqua
758 3998 835 4056 parte
851 3993 895 4043 uel
911 3997 1035 4058 personis
1053 3997 1120 4061 ipsis
1138 4000 1229 4049 uerbis
1245 4001 1375 4064 proferre.
1413 3997 1563 4048 Naeuius
1583 3994 1671 4043 enim
1688 3992 1826 4042 inducit
1843 4007 1966 4042 uxores
1985 3995 2118 4044 Aeneae

328 4085 361 4127 ot
381 4078 546 4128 Anchisae
565 4094 635 4128 cum
656 4078 807 4128 lacrimis
826 4078 923 4130 Ilium
945 4081 1181 4148 relinquentes
1208 4085 1259 4135 his
1277 4086 1402 4136 uerbis:
1423 4083 1591 4132 amborum
1609 4117 1615 4128 .
1635 4117 1641 4128 .
1661 4077 1811 4128 uultis·
1849 4077 1908 4126 Hoc
1928 4079 1981 4127 i⁸t0
1998 4080 2117 4130 Aeneam

327 4164 420 4214 eodem
438 4164 466 4212 in
484 4168 604 4228 tempore
623 4165 743 4215 eiusdem
760 4165 799 4213 rei
817 4178 901 4214 eausa
918 4168 1023 4218 inducit
1040 4171 1139 4220 iecisse
1158 4187 1218 4221 cum
1236 4171 1317 4220 dixit:
1340 4169 1392 4236 [III
1413 4167 1476 4235 10].’
1583 4165 1622 4214 VI
1640 4163 1751 4214 S‘ss'illlls
1776 4163 1803 4211 5¹1
1822 4165 1888 4212 ΑΘΗ·
1913 4163 1942 4212 ῙῘ
1964 4165 2014 4214 797
2039 4170 2117 4215 ‘⁸³⁰³

328 4250 438 4300 adornat
457 4253 539 4314 potita
562 4265 595 4300 ea
613 4265 683 4314 quae
699 4250 767 4315 legit
785 4249 893 4300 diuerso
912 4254 991 4304 modo
1010 4257 1140 4320 proferre.
1177 4259 1298 4308 Naeuius
1315 4256 1378 4306 belli
1396 4253 1493 4306 Punici
1510 4253 1596 4316 primo
1613 4249 1647 4300 de
1659 4249 1778 4299 Anchisa
1795 4253 1822 4298 et
1838 4249 1930 4298 Aenea
1949 4249 2116 4315 fugientibus

328 4337 395 4386 haec
415 4337 470 4385 uit:
490 4351 601 4385 eorum
620 4373 626 4385 .
642 4373 647 4384 .
666 4373 672 4386 .
693 4337 870 4386 mortales:
890 4353 952 4389 eccs
971 4340 1022 4391 hoc
1041 4347 1082 4392 est
1098 4342 1235 4391 inuenio
1255 4341 1425 4390 admirans
1443 4353 1625 4390 numerum.
1645 4334 1741 4384 multi
1828 4335 1906 4382 uiri:
1927 4350 1990 4384 ecoe
2009 4335 2037 4384 hi
2054 4343 2117 4386 aunt

298 4443 304 4451 ’
328 4421 592 4485 animis’parati.
612 4421 669 4470 ubi
690 4460 696 4472 .
717 4460 723 4472 .
745 4460 751 4472 .
772 4425 930 4474 exibant:
950 4442 1013 4477 eece
1040 4434 1067 4478 et
1093 4428 1212 4492 opibus
1238 4427 1425 4476 instructi.’
1463 4427 1539 4475 Haec
1563 4423 1616 4472 tria
1634 4435 1695 4470 esse
1715 4421 1869 4484 fragmenta
1886 4435 1940 4468 nou
1959 4436 2058 4494 manao
2077 4423 2117 4471 in·

327 4506 441 4556 teruallo
457 4507 520 4556 olim
539 4523 642 4557 conexa
656 4508 689 4558 G.
709 4509 732 4557 I.
752 4510 865 4559 Vossius
884 4511 953 4561 uidit
964 4513 1067 4578 Castig.
1087 4515 1114 4562 in
1131 4517 1202 4576 trag.
1221 4517 1278 4561 aet.
1297 4528 1323 4576 p.
1343 4513 1389 4560 77:
1411 4511 1561 4576 dequibus
1580 4523 1641 4556 cum
1659 4505 1763 4556 editore
1774 4505 1910 4569 Lipsiensi
1922 4506 2117 4572 Schuettioque

328 4591 490 4642 allucinatur
502 4592 711 4642 Klussmannus.
736 4595 907 4646 Hermauuns
925 4612 979 4646 non
997 4600 1049 4646 nisi
1067 4599 1181 4662 primum
1200 4613 1308 4646 uersum
1326 4596 1434 4646 exhibet
1537 4595 1606 4643 VIII
1627 4595 1783 4643 Priscianus
1800 4591 1854 4640 VII
1871 4606 1896 4654 p.
1913 4592 1964 4641 770
1977 4594 2007 4642 P.
2028 4591 2117 4657 (1343

329 4677 388 4742 Kr.)
407 4679 510 4727 ‘inueni
530 4693 648 4728 inarum
666 4693 714 4742 pro
732 4680 859 4743 marium,
877 4684 923 4747 qui
941 4689 1032 4732 tamen
1053 4684 1079 4732 in
1095 4698 1157 4732 raro
1176 4688 1218 4732 est
1236 4698 1287 4732 ιιιιι
1306 4681 1462 4746 genuinas,
1481 4679 1554 4744 apud
1574 4679 1706 4729 Naeuium
1730 4679 1757 4726 ln
1777 4677 1895 4726 carmine
1918 4675 1982 4724 belli
2005 4677 2115 4727 Punici:

494 4917 512 4974 li
537 4918 564 4975 ei
586 4915 681 4998 uenit]
704 4921 809 4979 uueuit
833 4917 919 4979 Ber'n.
944 4942 978 4979 m.
996 4941 1044 4995 pr.
1067 4922 1169 4980 euenit
1187 4923 1274 4994 Laod.
1300 4921 1423 4992 Sanqall.
1445 4937 1479 4974 m.
1504 4919 1551 4973 alt.
1573 4915 1657 4974 uenit
1679 4917 1803 4989 Searsyall.
1828 4935 1861 4971 m.
1880 4935 1928 4986 pr.
2015 4924 2115 4972 mente

327 5019 434 5072 Amen.
461 5019 545 5074 Bern.
576 5021 697 5094 Sanyall.
728 5025 816 5096 duod.
846 5025 984 5084 Karalir..
1061 5023 1198 5080 furtunae
1227 5022 1350 5094 Sunoall.
1374 5019 1461 5094 Luqd.
1553 5015 1571 5076 8
1600 5012 1715 5072 Troiad
1752 5017 1862 5072 Vossius
1890 5017 1989 5089 Cestio.
2010 5033 2041 5088 p.
2064 5013 2114 5072 76.

327 5116 462 5174 'Proinde
483 5124 656 5192 exemplaria
743 5122 898 5180 amborum
918 5121 922 5196 Ι
941 5123 1063 5182 deres
1090 5131 1180 5180 noctu
1207 5119 1324 5179 Troiad
1351 5119 1478 5177 exibant
1504 5115 1654 5196 capitibus
1681 5111 1685 5186 Ι
1712 5111 1834 5192 Opertis
1864 5116 1971 5174 flentes
1998 5114 2114 5186 amhae,

327 5219 476 5278 abedntes
500 5219 632 5279 lacrimis
659 5221 760 5281 multis
780 5223 961 5280 [dermannus
1055 5220 1091 5280 10
1121 5219 1235 5301 eorum]
1257 5222 1430 5296 disyllabum,
1460 5219 1498 5291 es.
1523 5219 1720 5274 declamaturus
1740 5221 1769 5272 in
1794 5219 1879 5273 Lacr.
1907 5217 1950 5272 VI
1968 5213 2030 5274 456

328 5330 495 5401 sequuntur
516 5326 689 5394 exemplaria
778 5323 947 5380 Truneatum
968 5326 1075 5398 syllaba
1096 5341 1209 5382 aarum
1231 5325 1339 5381 exhibet
1362 5324 1542 5379 dermannus
1630 5316 1677 5374 11.
1710 5313 1747 5374 12
1785 5318 1889 5374 Versus
1911 5318 2034 5388 deposui

333 5418 366 5478 13
389 5417 472 5502 illuc]
496 5427 537 5479 An
558 5420 662 5479 illine?
751 5422 788 5480 14
812 5420 949 5504 pietatei]
970 5424 1077 5503 pietati
1099 5426 1169 5482 Par.
1193 5433 1219 5480 et
1236 5426 1376 5480 Helberst.
1399 5441 1435 5479 m.
1453 5441 1502 5495 pr.
1527 5421 1612 5493 duod.
1637 5421 1762 5514 Karoia.
1788 5419 1882 5473 Bamt.
1906 5415 2020 5492 pietate
2045 5417 2113 5474 Par.
