<?xml version="1.0" encoding="UTF-8"?>
<!DOCTYPE html PUBLIC "-//W3C//DTD XHTML 1.0 Transitional//EN"
    "http://www.w3.org/TR/xhtml1/DTD/xhtml1-transitional.dtd">
<html xmlns="http://www.w3.org/1999/xhtml" xml:lang="en" lang="en">
 <head>
  <title>
</title>
<meta http-equiv="Content-Type" content="text/html;charset=utf-8" />
  <meta name='ocr-system' content='tesseract 3.04.00' />
  <meta name='ocr-capabilities' content='ocr_page ocr_carea ocr_par ocr_line ocrx_word'/>
</head>
<body>
  <div class='ocr_page' id='page_1' title='image "./debellopunicore00naevgoog_0015.png"; bbox 0 0 4910 6372; ppageno 0'>
   <div class='ocr_carea' id='block_1_1' title="bbox 1046 607 1406 667">
    <p class='ocr_par' dir='ltr' id='par_1_1' title="bbox 1046 607 1406 667">
     <span class='ocr_line' id='line_1_1' title="bbox 1046 607 1406 667; baseline -0.003 -17"><span class='ocrx_word' id='word_1_1' title='bbox 1046 607 1406 667; x_wconf 36' lang='lat' dir='ltr'>...afim</span> 
     </span>
    </p>
   </div>
   <div class='ocr_carea' id='block_1_2' title="bbox 328 784 2125 1344">
    <p class='ocr_par' dir='ltr' id='par_1_2' title="bbox 328 784 2125 1344">
     <span class='ocr_line' id='line_1_2' title="bbox 329 784 2125 874; baseline 0.002 -27"><span class='ocrx_word' id='word_1_2' title='bbox 329 785 451 848; x_wconf 89' lang='lat' dir='ltr'>mentio</span> <span class='ocrx_word' id='word_1_3' title='bbox 477 806 495 846; x_wconf 93' lang='lat' dir='ltr'>e</span> <span class='ocrx_word' id='word_1_4' title='bbox 517 784 622 870; x_wconf 90' lang='lat' dir='ltr'>primo</span> <span class='ocrx_word' id='word_1_5' title='bbox 647 786 782 867; x_wconf 82' lang='lat' dir='ltr'><strong>citetur,</strong></span> <span class='ocrx_word' id='word_1_6' title='bbox 804 787 860 872; x_wconf 91' lang='lat' dir='ltr'>qui</span> <span class='ocrx_word' id='word_1_7' title='bbox 883 785 934 850; x_wconf 93' lang='lat' dir='ltr'>his</span> <span class='ocrx_word' id='word_1_8' title='bbox 956 786 1153 852; x_wconf 80' lang='lat' dir='ltr'>testimoniis</span> <span class='ocrx_word' id='word_1_9' title='bbox 1177 789 1438 874; x_wconf 78' lang='lat' dir='ltr'>superstitiosius</span> <span class='ocrx_word' id='word_1_10' title='bbox 1458 787 1653 869; x_wconf 81' lang='lat' dir='ltr'>adhaereat,</span> <span class='ocrx_word' id='word_1_11' title='bbox 1680 807 1796 852; x_wconf 87' lang='lat' dir='ltr'>uereor</span> <span class='ocrx_word' id='word_1_12' title='bbox 1817 796 1853 850; x_wconf 91' lang='lat' dir='ltr'>ut</span> <span class='ocrx_word' id='word_1_13' title='bbox 1876 808 2030 874; x_wconf 84' lang='lat' dir='ltr'>umquam</span> <span class='ocrx_word' id='word_1_14' title='bbox 2052 809 2125 874; x_wconf 86' lang='lat' dir='ltr'>pos·</span> 
     </span>
     <span class='ocr_line' id='line_1_3' title="bbox 330 902 2125 993; baseline 0.002 -29"><span class='ocrx_word' id='word_1_15' title='bbox 330 902 373 964; x_wconf 89' lang='lat' dir='ltr'>sit</span> <span class='ocrx_word' id='word_1_16' title='bbox 391 902 545 966; x_wconf 87' lang='lat' dir='ltr'>carminis</span> <span class='ocrx_word' id='word_1_17' title='bbox 567 902 744 988; x_wconf 87' lang='lat' dir='ltr'>imaginem</span> <span class='ocrx_word' id='word_1_18' title='bbox 764 904 873 967; x_wconf 90' lang='lat' dir='ltr'>animo</span> <span class='ocrx_word' id='word_1_19' title='bbox 893 904 1080 969; x_wconf 84' lang='lat' dir='ltr'>informare.</span> <span class='ocrx_word' id='word_1_20' title='bbox 1126 905 1236 992; x_wconf 87' lang='lat' dir='ltr'>Atque</span> <span class='ocrx_word' id='word_1_21' title='bbox 1258 907 1294 969; x_wconf 94' lang='lat' dir='ltr'>in</span> <span class='ocrx_word' id='word_1_22' title='bbox 1316 906 1368 970; x_wconf 91' lang='lat' dir='ltr'>his</span> <span class='ocrx_word' id='word_1_23' title='bbox 1390 906 1503 993; x_wconf 87' lang='lat' dir='ltr'>primis</span> <span class='ocrx_word' id='word_1_24' title='bbox 1530 903 1623 968; x_wconf 90' lang='lat' dir='ltr'>libris</span> <span class='ocrx_word' id='word_1_25' title='bbox 1649 925 1722 967; x_wconf 90' lang='lat' dir='ltr'>eum</span> <span class='ocrx_word' id='word_1_26' title='bbox 1751 907 1858 991; x_wconf 87' lang='lat' dir='ltr'>possis</span> <span class='ocrx_word' id='word_1_27' title='bbox 1887 905 2050 992; x_wconf 91' lang='lat' dir='ltr'>quaedam</span> <span class='ocrx_word' id='word_1_28' title='bbox 2072 925 2125 968; x_wconf 91' lang='lat' dir='ltr'>ra-</span> 
     </span>
     <span class='ocr_line' id='line_1_4' title="bbox 328 1021 2124 1109; baseline 0.001 -27"><span class='ocrx_word' id='word_1_29' title='bbox 328 1021 416 1082; x_wconf 90' lang='lat' dir='ltr'>tione</span> <span class='ocrx_word' id='word_1_30' title='bbox 441 1029 555 1084; x_wconf 90' lang='lat' dir='ltr'>contra</span> <span class='ocrx_word' id='word_1_31' title='bbox 575 1021 707 1084; x_wconf 89' lang='lat' dir='ltr'>testium</span> <span class='ocrx_word' id='word_1_32' title='bbox 731 1023 958 1085; x_wconf 88' lang='lat' dir='ltr'>auctoritatem</span> <span class='ocrx_word' id='word_1_33' title='bbox 988 1023 1136 1104; x_wconf 84' lang='lat' dir='ltr'>efficere,</span> <span class='ocrx_word' id='word_1_34' title='bbox 1165 1022 1200 1087; x_wconf 91' lang='lat' dir='ltr'>iu</span> <span class='ocrx_word' id='word_1_35' title='bbox 1228 1023 1466 1109; x_wconf 81' lang='lat' dir='ltr'>posterioribus</span> <span class='ocrx_word' id='word_1_36' title='bbox 1495 1021 1712 1087; x_wconf 88' lang='lat' dir='ltr'>ratiocinandi</span> <span class='ocrx_word' id='word_1_37' title='bbox 1742 1021 1921 1086; x_wconf 84' lang='lat' dir='ltr'>difficultas</span> <span class='ocrx_word' id='word_1_38' title='bbox 1952 1043 1990 1084; x_wconf 91' lang='lat' dir='ltr'>eo</span> <span class='ocrx_word' id='word_1_39' title='bbox 2017 1022 2124 1106; x_wconf 90' lang='lat' dir='ltr'>magis</span> 
     </span>
     <span class='ocr_line' id='line_1_5' title="bbox 329 1138 2124 1226; baseline 0.002 -27"><span class='ocrx_word' id='word_1_40' title='bbox 329 1147 483 1220; x_wconf 90' lang='lat' dir='ltr'>augetur,</span> <span class='ocrx_word' id='word_1_41' title='bbox 507 1160 573 1225; x_wconf 92' lang='lat' dir='ltr'>quo</span> <span class='ocrx_word' id='word_1_42' title='bbox 594 1139 749 1225; x_wconf 89' lang='lat' dir='ltr'>pauciora</span> <span class='ocrx_word' id='word_1_43' title='bbox 771 1161 789 1202; x_wconf 90' lang='lat' dir='ltr'>e</span> <span class='ocrx_word' id='word_1_44' title='bbox 808 1139 948 1224; x_wconf 84' lang='lat' dir='ltr'>singulis</span> <span class='ocrx_word' id='word_1_45' title='bbox 970 1141 1156 1226; x_wconf 88' lang='lat' dir='ltr'>fragmenta</span> <span class='ocrx_word' id='word_1_46' title='bbox 1179 1139 1366 1204; x_wconf 91' lang='lat' dir='ltr'>laudantur.</span> <span class='ocrx_word' id='word_1_47' title='bbox 1412 1140 1529 1226; x_wconf 88' lang='lat' dir='ltr'>Itaque</span> <span class='ocrx_word' id='word_1_48' title='bbox 1551 1141 1586 1203; x_wconf 92' lang='lat' dir='ltr'>in</span> <span class='ocrx_word' id='word_1_49' title='bbox 1613 1140 1665 1204; x_wconf 89' lang='lat' dir='ltr'>his</span> <span class='ocrx_word' id='word_1_50' title='bbox 1688 1138 1820 1226; x_wconf 87' lang='lat' dir='ltr'>quidem</span> <span class='ocrx_word' id='word_1_51' title='bbox 1841 1139 1884 1204; x_wconf 90' lang='lat' dir='ltr'>ab</span> <span class='ocrx_word' id='word_1_52' title='bbox 1909 1138 2124 1203; x_wconf 90' lang='lat' dir='ltr'>coniectando</span> 
     </span>
     <span class='ocr_line' id='line_1_6' title="bbox 328 1253 2123 1344; baseline 0.002 -26"><span class='ocrx_word' id='word_1_53' title='bbox 328 1253 471 1318; x_wconf 85' lang='lat' dir='ltr'>abstinui</span> <span class='ocrx_word' id='word_1_54' title='bbox 493 1257 639 1338; x_wconf 89' lang='lat' dir='ltr'>omnino,</span> <span class='ocrx_word' id='word_1_55' title='bbox 663 1257 816 1343; x_wconf 89' lang='lat' dir='ltr'>quoniam</span> <span class='ocrx_word' id='word_1_56' title='bbox 840 1279 903 1322; x_wconf 90' lang='lat' dir='ltr'>non</span> <span class='ocrx_word' id='word_1_57' title='bbox 926 1259 1062 1344; x_wconf 88' lang='lat' dir='ltr'>prolatis</span> <span class='ocrx_word' id='word_1_58' title='bbox 1084 1259 1287 1344; x_wconf 76' lang='lat' dir='ltr'>argumentis</span> <span class='ocrx_word' id='word_1_59' title='bbox 1308 1257 1411 1322; x_wconf 90' lang='lat' dir='ltr'>multa</span> <span class='ocrx_word' id='word_1_60' title='bbox 1432 1259 1466 1322; x_wconf 91' lang='lat' dir='ltr'>in</span> <span class='ocrx_word' id='word_1_61' title='bbox 1487 1257 1547 1321; x_wconf 89' lang='lat' dir='ltr'>hoc</span> <span class='ocrx_word' id='word_1_62' title='bbox 1569 1278 1690 1341; x_wconf 86' lang='lat' dir='ltr'>genere</span> <span class='ocrx_word' id='word_1_63' title='bbox 1707 1267 1888 1320; x_wconf 89' lang='lat' dir='ltr'>nouaturus</span> <span class='ocrx_word' id='word_1_64' title='bbox 1905 1257 2002 1320; x_wconf 83' lang='lat' dir='ltr'>facile</span> <span class='ocrx_word' id='word_1_65' title='bbox 2017 1256 2123 1322; x_wconf 88' lang='lat' dir='ltr'>hario-</span> 
     </span>
    </p>
   </div>
   <div class='ocr_carea' id='block_1_3' title="bbox 214 1372 786 1460">
    <p class='ocr_par' dir='ltr' id='par_1_3' title="bbox 214 1372 786 1460">
     <span class='ocr_line' id='line_1_7' title="bbox 214 1372 786 1460; baseline 0.009 -27"><span class='ocrx_word' id='word_1_66' title='bbox 214 1437 218 1443; x_wconf 72' lang='grc'><em>,</em></span> <span class='ocrx_word' id='word_1_67' title='bbox 328 1372 459 1436; x_wconf 88' lang='lat' dir='ltr'>lationis</span> <span class='ocrx_word' id='word_1_68' title='bbox 481 1373 610 1460; x_wconf 90' lang='lat' dir='ltr'>culpam</span> <span class='ocrx_word' id='word_1_69' title='bbox 631 1375 786 1438; x_wconf 90' lang='lat' dir='ltr'>incurrat.</span> 
     </span>
    </p>
   </div>
   <div class='ocr_carea' id='block_1_4' title="bbox 278 1523 2125 2203">
    <p class='ocr_par' dir='ltr' id='par_1_4' title="bbox 328 1523 2125 1967">
     <span class='ocr_line' id='line_1_8' title="bbox 495 1523 2124 1612; baseline 0.001 -25"><span class='ocrx_word' id='word_1_70' title='bbox 495 1524 616 1588; x_wconf 88' lang='lat' dir='ltr'>Verum</span> <span class='ocrx_word' id='word_1_71' title='bbox 638 1526 724 1606; x_wconf 87' lang='lat' dir='ltr'>enirn</span> <span class='ocrx_word' id='word_1_72' title='bbox 751 1548 830 1590; x_wconf 89' lang='lat' dir='ltr'>uero</span> <span class='ocrx_word' id='word_1_73' title='bbox 858 1549 899 1590; x_wconf 93' lang='lat' dir='ltr'>ne</span> <span class='ocrx_word' id='word_1_74' title='bbox 921 1527 1017 1592; x_wconf 88' lang='lat' dir='ltr'>hodic</span> <span class='ocrx_word' id='word_1_75' title='bbox 1039 1527 1098 1590; x_wconf 85' lang='lat' dir='ltr'>TE</span> <span class='ocrx_word' id='word_1_76' title='bbox 1117 1527 1160 1591; x_wconf 91' lang='lat' dir='ltr'>ad</span> <span class='ocrx_word' id='word_1_77' title='bbox 1182 1528 1263 1592; x_wconf 91' lang='lat' dir='ltr'>haec</span> <span class='ocrx_word' id='word_1_78' title='bbox 1286 1528 1471 1612; x_wconf 86' lang='lat' dir='ltr'>fragmenta</span> <span class='ocrx_word' id='word_1_79' title='bbox 1496 1535 1623 1589; x_wconf 91' lang='lat' dir='ltr'>tantum</span> <span class='ocrx_word' id='word_1_80' title='bbox 1650 1523 1810 1610; x_wconf 83' lang='lat' dir='ltr'>relegam,</span> <span class='ocrx_word' id='word_1_81' title='bbox 1834 1547 1918 1611; x_wconf 88' lang='lat' dir='ltr'>quae</span> <span class='ocrx_word' id='word_1_82' title='bbox 1945 1525 2039 1589; x_wconf 88' lang='grc' dir='ltr'><strong>ΤΙΒΙ</strong></span> <span class='ocrx_word' id='word_1_83' title='bbox 2068 1537 2124 1590; x_wconf 89' lang='lat' dir='ltr'>aut</span> 
     </span>
     <span class='ocr_line' id='line_1_9' title="bbox 328 1642 2125 1732; baseline 0.003 -28"><span class='ocrx_word' id='word_1_84' title='bbox 328 1643 530 1726; x_wconf 85' lang='lat' dir='ltr'>grammatici</span> <span class='ocrx_word' id='word_1_85' title='bbox 552 1643 773 1706; x_wconf 89' lang='lat' dir='ltr'>testimonium</span> <span class='ocrx_word' id='word_1_86' title='bbox 803 1655 859 1707; x_wconf 91' lang='lat' dir='ltr'>aut</span> <span class='ocrx_word' id='word_1_87' title='bbox 882 1647 1062 1731; x_wconf 85' lang='lat' dir='ltr'>scripturae</span> <span class='ocrx_word' id='word_1_88' title='bbox 1089 1646 1283 1710; x_wconf 86' lang='lat' dir='ltr'>uarietatem</span> <span class='ocrx_word' id='word_1_89' title='bbox 1313 1645 1498 1732; x_wconf 90' lang='lat' dir='ltr'>anquirenti</span> <span class='ocrx_word' id='word_1_90' title='bbox 1520 1645 1659 1707; x_wconf 87' lang='lat' dir='ltr'>fortasse</span> <span class='ocrx_word' id='word_1_91' title='bbox 1691 1664 1823 1728; x_wconf 88' lang='lat' dir='ltr'>operam</span> <span class='ocrx_word' id='word_1_92' title='bbox 1852 1642 2030 1731; x_wconf 90' lang='lat' dir='ltr'>aliquando</span> <span class='ocrx_word' id='word_1_93' title='bbox 2059 1667 2125 1709; x_wconf 91' lang='lat' dir='ltr'>non</span> 
     </span>
     <span class='ocr_line' id='line_1_10' title="bbox 328 1758 2122 1850; baseline 0.002 -28"><span class='ocrx_word' id='word_1_94' title='bbox 328 1759 408 1822; x_wconf 91' lang='lat' dir='ltr'>nihil</span> <span class='ocrx_word' id='word_1_95' title='bbox 430 1758 603 1840; x_wconf 91' lang='lat' dir='ltr'>lcuabunt,</span> <span class='ocrx_word' id='word_1_96' title='bbox 627 1759 862 1825; x_wconf 90' lang='lat' dir='ltr'>adlectionem</span> <span class='ocrx_word' id='word_1_97' title='bbox 886 1773 993 1826; x_wconf 89' lang='lat' dir='ltr'>autem</span> <span class='ocrx_word' id='word_1_98' title='bbox 1023 1774 1138 1850; x_wconf 90' lang='lat' dir='ltr'>suapte</span> <span class='ocrx_word' id='word_1_99' title='bbox 1168 1772 1285 1825; x_wconf 88' lang='lat' dir='ltr'>natura</span> <span class='ocrx_word' id='word_1_100' title='bbox 1309 1785 1375 1826; x_wconf 91' lang='lat' dir='ltr'>non</span> <span class='ocrx_word' id='word_1_101' title='bbox 1402 1770 1589 1849; x_wconf 89' lang='lat' dir='ltr'>comparata</span> <span class='ocrx_word' id='word_1_102' title='bbox 1618 1769 1710 1841; x_wconf 91' lang='lat' dir='ltr'>sunt,</span> <span class='ocrx_word' id='word_1_103' title='bbox 1738 1761 1935 1825; x_wconf 89' lang='lat' dir='ltr'>emendandi</span> <span class='ocrx_word' id='word_1_104' title='bbox 1961 1762 2122 1848; x_wconf 89' lang='lat' dir='ltr'>quaedam</span> 
     </span>
     <span class='ocr_line' id='line_1_11' title="bbox 328 1875 2122 1967; baseline 0.002 -26"><span class='ocrx_word' id='word_1_105' title='bbox 328 1875 472 1964; x_wconf 90' lang='lat' dir='ltr'>pericula</span> <span class='ocrx_word' id='word_1_106' title='bbox 493 1901 567 1942; x_wconf 91' lang='lat' dir='ltr'>mea</span> <span class='ocrx_word' id='word_1_107' title='bbox 588 1877 694 1942; x_wconf 91' lang='lat' dir='ltr'>adieci</span> <span class='ocrx_word' id='word_1_108' title='bbox 719 1901 736 1942; x_wconf 95' lang='lat' dir='ltr'>e</span> <span class='ocrx_word' id='word_1_109' title='bbox 758 1878 880 1944; x_wconf 90' lang='lat' dir='ltr'>leuiore</span> <span class='ocrx_word' id='word_1_110' title='bbox 901 1882 1032 1946; x_wconf 86' lang='lat' dir='ltr'>critices</span> <span class='ocrx_word' id='word_1_111' title='bbox 1051 1903 1172 1966; x_wconf 88' lang='lat' dir='ltr'>genere</span> <span class='ocrx_word' id='word_1_112' title='bbox 1202 1891 1234 1944; x_wconf 90' lang='lat' dir='ltr'>et</span> <span class='ocrx_word' id='word_1_113' title='bbox 1261 1880 1349 1967; x_wconf 92' lang='lat' dir='ltr'>quod</span> <span class='ocrx_word' id='word_1_114' title='bbox 1376 1903 1442 1944; x_wconf 90' lang='lat' dir='ltr'>non</span> <span class='ocrx_word' id='word_1_115' title='bbox 1470 1901 1591 1964; x_wconf 87' lang='lat' dir='ltr'>magna</span> <span class='ocrx_word' id='word_1_116' title='bbox 1617 1877 1786 1944; x_wconf 85' lang='lat' dir='ltr'>molimina</span> <span class='ocrx_word' id='word_1_117' title='bbox 1817 1877 2050 1964; x_wconf 88' lang='lat' dir='ltr'>disputationis</span> <span class='ocrx_word' id='word_1_118' title='bbox 2074 1903 2122 1944; x_wconf 92' lang='lat' dir='ltr'>re-</span> 
     </span>
    </p>

    <p class='ocr_par' dir='ltr' id='par_1_5' title="bbox 278 1996 2122 2203">
     <span class='ocr_line' id='line_1_12' title="bbox 328 1996 2122 2084; baseline 0.003 -26"><span class='ocrx_word' id='word_1_119' title='bbox 328 1997 452 2082; x_wconf 91' lang='lat' dir='ltr'>quirat,</span> <span class='ocrx_word' id='word_1_120' title='bbox 476 1996 563 2083; x_wconf 91' lang='lat' dir='ltr'>quod</span> <span class='ocrx_word' id='word_1_121' title='bbox 585 2007 694 2061; x_wconf 91' lang='lat' dir='ltr'>tamen</span> <span class='ocrx_word' id='word_1_122' title='bbox 716 2007 748 2061; x_wconf 90' lang='lat' dir='ltr'>et</span> <span class='ocrx_word' id='word_1_123' title='bbox 770 1997 869 2063; x_wconf 88' lang='lat' dir='ltr'>habet</span> <span class='ocrx_word' id='word_1_124' title='bbox 887 2021 979 2062; x_wconf 91' lang='lat' dir='ltr'>suam</span> <span class='ocrx_word' id='word_1_125' title='bbox 998 1999 1138 2083; x_wconf 88' lang='lat' dir='ltr'>gratiam</span> <span class='ocrx_word' id='word_1_126' title='bbox 1163 2009 1195 2062; x_wconf 88' lang='lat' dir='ltr'>et</span> <span class='ocrx_word' id='word_1_127' title='bbox 1217 1997 1312 2061; x_wconf 85' lang='lat' dir='ltr'>TIBI</span> <span class='ocrx_word' id='word_1_128' title='bbox 1340 2007 1376 2061; x_wconf 91' lang='lat' dir='ltr'>ut</span> <span class='ocrx_word' id='word_1_129' title='bbox 1397 1997 1475 2061; x_wconf 92' lang='lat' dir='ltr'>noui</span> <span class='ocrx_word' id='word_1_130' title='bbox 1498 1997 1620 2084; x_wconf 89' lang='lat' dir='ltr'>placet,</span> <span class='ocrx_word' id='word_1_131' title='bbox 1640 2006 1676 2060; x_wconf 92' lang='lat' dir='ltr'>ut</span> <span class='ocrx_word' id='word_1_132' title='bbox 1695 1997 1725 2059; x_wconf 88' lang='lat' dir='ltr'>ei</span> <span class='ocrx_word' id='word_1_133' title='bbox 1746 1997 1834 2078; x_wconf 87' lang='lat' dir='ltr'>uiro,</span> <span class='ocrx_word' id='word_1_134' title='bbox 1859 2019 1956 2082; x_wconf 90' lang='lat' dir='ltr'>quem</span> <span class='ocrx_word' id='word_1_135' title='bbox 1977 1997 2036 2061; x_wconf 87' lang='lat' dir='ltr'>TV</span> <span class='ocrx_word' id='word_1_136' title='bbox 2057 2021 2122 2063; x_wconf 90' lang='lat' dir='ltr'>non</span> 
     </span>
     <span class='ocr_line' id='line_1_13' title="bbox 278 2089 1711 2203; baseline 0.003 -27"><span class='ocrx_word' id='word_1_137' title='bbox 278 2089 282 2096; x_wconf 33' lang='lat'><strong>⁴</strong></span> <span class='ocrx_word' id='word_1_138' title='bbox 327 2115 432 2199; x_wconf 88' lang='lat' dir='ltr'>magis</span> <span class='ocrx_word' id='word_1_139' title='bbox 455 2136 544 2178; x_wconf 89' lang='lat' dir='ltr'>amas</span> <span class='ocrx_word' id='word_1_140' title='bbox 566 2137 663 2201; x_wconf 90' lang='lat' dir='ltr'>quam</span> <span class='ocrx_word' id='word_1_141' title='bbox 686 2117 756 2203; x_wconf 92' lang='lat' dir='ltr'>ipse</span> <span class='ocrx_word' id='word_1_142' title='bbox 778 2138 916 2181; x_wconf 88' lang='lat' dir='ltr'>ueneror</span> <span class='ocrx_word' id='word_1_143' title='bbox 936 2138 974 2179; x_wconf 88' lang='lat' dir='ltr'>ac</span> <span class='ocrx_word' id='word_1_144' title='bbox 1002 2115 1161 2202; x_wconf 89' lang='lat' dir='ltr'>suspicio,</span> <span class='ocrx_word' id='word_1_145' title='bbox 1184 2117 1407 2203; x_wconf 87' lang='lat' dir='ltr'>Schopeno.</span> <span class='ocrx_word' id='word_1_146' title='bbox 1704 2094 1711 2112; x_wconf 61' lang='lat'>,</span> 
     </span>
    </p>
   </div>
   <div class='ocr_carea' id='block_1_5' title="bbox 326 2264 2120 2590">
    <p class='ocr_par' dir='ltr' id='par_1_6' title="bbox 326 2264 2120 2590">
     <span class='ocr_line' id='line_1_14' title="bbox 492 2264 2119 2354; baseline 0.001 -26"><span class='ocrx_word' id='word_1_147' title='bbox 492 2268 542 2329; x_wconf 91' lang='lat' dir='ltr'>Ac</span> <span class='ocrx_word' id='word_1_148' title='bbox 564 2268 702 2352; x_wconf 91' lang='lat' dir='ltr'>primum</span> <span class='ocrx_word' id='word_1_149' title='bbox 728 2269 883 2333; x_wconf 85' lang='lat' dir='ltr'>Valerii</span> <span class='ocrx_word' id='word_1_150' title='bbox 905 2269 1072 2332; x_wconf 86' lang='lat' dir='ltr'>Maximi</span> <span class='ocrx_word' id='word_1_151' title='bbox 1093 2292 1158 2333; x_wconf 92' lang='lat' dir='ltr'>non</span> <span class='ocrx_word' id='word_1_152' title='bbox 1180 2269 1274 2354; x_wconf 88' lang='lat' dir='ltr'>graui</span> <span class='ocrx_word' id='word_1_153' title='bbox 1296 2267 1401 2331; x_wconf 92' lang='lat' dir='ltr'>ulceri</span> <span class='ocrx_word' id='word_1_154' title='bbox 1427 2266 1485 2330; x_wconf 90' lang='lat' dir='ltr'>sed</span> <span class='ocrx_word' id='word_1_155' title='bbox 1502 2265 1619 2330; x_wconf 88' lang='lat' dir='ltr'>leuiori</span> <span class='ocrx_word' id='word_1_156' title='bbox 1640 2266 1772 2330; x_wconf 89' lang='lat' dir='ltr'>cuidam</span> <span class='ocrx_word' id='word_1_157' title='bbox 1794 2264 1911 2352; x_wconf 89' lang='lat' dir='ltr'>plagae</span> <span class='ocrx_word' id='word_1_158' title='bbox 1940 2267 2065 2330; x_wconf 87' lang='lat' dir='ltr'>mederi</span> <span class='ocrx_word' id='word_1_159' title='bbox 2093 2269 2119 2331; x_wconf 93' lang='lat' dir='ltr'>si</span> 
     </span>
     <span class='ocr_line' id='line_1_15' title="bbox 328 2378 2120 2473; baseline 0.001 -27"><span class='ocrx_word' id='word_1_160' title='bbox 328 2394 439 2469; x_wconf 88' lang='lat' dir='ltr'>potero</span> <span class='ocrx_word' id='word_1_161' title='bbox 462 2384 687 2471; x_wconf 88' lang='lat' dir='ltr'>periclitabor:</span> <span class='ocrx_word' id='word_1_162' title='bbox 717 2387 772 2473; x_wconf 90' lang='lat' dir='ltr'>qui</span> <span class='ocrx_word' id='word_1_163' title='bbox 800 2385 866 2450; x_wconf 88' lang='lat' dir='ltr'>VH</span> <span class='ocrx_word' id='word_1_164' title='bbox 886 2391 916 2470; x_wconf 89' lang='lat'>6,</span> <span class='ocrx_word' id='word_1_165' title='bbox 941 2391 954 2449; x_wconf 90' lang='lat'>1</span> <span class='ocrx_word' id='word_1_166' title='bbox 978 2408 1042 2471; x_wconf 89' lang='lat' dir='ltr'>quo</span> <span class='ocrx_word' id='word_1_167' title='bbox 1066 2384 1316 2450; x_wconf 76' lang='lat' dir='ltr'>‘abominandas</span> <span class='ocrx_word' id='word_1_168' title='bbox 1339 2384 1546 2449; x_wconf 89' lang='lat' dir='ltr'>necessitatis</span> <span class='ocrx_word' id='word_1_169' title='bbox 1575 2386 1799 2448; x_wconf 88' lang='lat' dir='ltr'>amarissimae</span> <span class='ocrx_word' id='word_1_170' title='bbox 1830 2383 1932 2468; x_wconf 92' lang='lat' dir='ltr'>legcs&#39;</span> <span class='ocrx_word' id='word_1_171' title='bbox 1957 2378 2120 2454; x_wconf 82' lang='lat' dir='ltr'>inlustret.</span> 
     </span>
     <span class='ocr_line' id='line_1_16' title="bbox 326 2502 1170 2590; baseline 0.004 -27"><span class='ocrx_word' id='word_1_172' title='bbox 326 2503 361 2564; x_wconf 90' lang='lat' dir='ltr'>in</span> <span class='ocrx_word' id='word_1_173' title='bbox 383 2503 453 2587; x_wconf 91' lang='lat' dir='ltr'>ipso</span> <span class='ocrx_word' id='word_1_174' title='bbox 475 2502 587 2567; x_wconf 88' lang='lat' dir='ltr'>limine</span> <span class='ocrx_word' id='word_1_175' title='bbox 609 2504 727 2590; x_wconf 89' lang='lat' dir='ltr'>capitis</span> <span class='ocrx_word' id='word_1_176' title='bbox 750 2504 810 2569; x_wconf 88' lang='lat' dir='ltr'>hoe</span> <span class='ocrx_word' id='word_1_177' title='bbox 832 2527 913 2568; x_wconf 90' lang='lat' dir='ltr'>usus</span> <span class='ocrx_word' id='word_1_178' title='bbox 934 2515 984 2568; x_wconf 89' lang='lat' dir='ltr'>cst</span> <span class='ocrx_word' id='word_1_179' title='bbox 1005 2503 1170 2590; x_wconf 83' lang='lat' dir='ltr'>exemplo:</span> 
     </span>
    </p>
   </div>
   <div class='ocr_carea' id='block_1_6' title="bbox 326 2633 2120 4382">
    <p class='ocr_par' dir='ltr' id='par_1_7' title="bbox 326 2633 2120 4382">
     <span class='ocr_line' id='line_1_17' title="bbox 492 2633 2120 2726; baseline 0.001 -26"><span class='ocrx_word' id='word_1_180' title='bbox 492 2637 575 2701; x_wconf 90' lang='lat' dir='ltr'>Nam</span> <span class='ocrx_word' id='word_1_181' title='bbox 603 2639 726 2726; x_wconf 90' lang='lat' dir='ltr'>aliquot</span> <span class='ocrx_word' id='word_1_182' title='bbox 752 2638 901 2702; x_wconf 90' lang='lat' dir='ltr'>aduersis</span> <span class='ocrx_word' id='word_1_183' title='bbox 924 2633 1058 2725; x_wconf 85' lang='lat' dir='ltr'>pro&#39;eliis</span> <span class='ocrx_word' id='word_1_184' title='bbox 1081 2639 1224 2703; x_wconf 90' lang='lat' dir='ltr'>secundo</span> <span class='ocrx_word' id='word_1_185' title='bbox 1252 2638 1378 2702; x_wconf 85' lang='lat' dir='ltr'>Punico</span> <span class='ocrx_word' id='word_1_186' title='bbox 1400 2638 1487 2701; x_wconf 90' lang='lat' dir='ltr'>bello</span> <span class='ocrx_word' id='word_1_187' title='bbox 1511 2638 1673 2702; x_wconf 86' lang='lat' dir='ltr'>exhausta</span> <span class='ocrx_word' id='word_1_188' title='bbox 1701 2636 1836 2700; x_wconf 91' lang='lat' dir='ltr'>militari</span> <span class='ocrx_word' id='word_1_189' title='bbox 1865 2638 2034 2700; x_wconf 86' lang='lat' dir='ltr'>iuuentute</span> <span class='ocrx_word' id='word_1_190' title='bbox 2057 2637 2120 2702; x_wconf 86' lang='lat' dir='ltr'>Ro-</span> 
     </span>
     <span class='ocr_line' id='line_1_18' title="bbox 493 2754 2120 2843; baseline -0.001 -23"><span class='ocrx_word' id='word_1_191' title='bbox 493 2779 605 2839; x_wconf 88' lang='lat' dir='ltr'>mana,</span> <span class='ocrx_word' id='word_1_192' title='bbox 626 2767 758 2822; x_wconf 88' lang='lat' dir='ltr'>senatus</span> <span class='ocrx_word' id='word_1_193' title='bbox 780 2768 911 2822; x_wconf 90' lang='lat' dir='ltr'>auctore</span> <span class='ocrx_word' id='word_1_194' title='bbox 933 2755 984 2821; x_wconf 85' lang='lat' dir='ltr'>Ti.</span> <span class='ocrx_word' id='word_1_195' title='bbox 1010 2757 1159 2822; x_wconf 85' lang='lat' dir='ltr'>Graccho</span> <span class='ocrx_word' id='word_1_196' title='bbox 1188 2755 1321 2822; x_wconf 89' lang='lat' dir='ltr'>consule</span> <span class='ocrx_word' id='word_1_197' title='bbox 1350 2757 1478 2819; x_wconf 90' lang='lat' dir='ltr'>censuit</span> <span class='ocrx_word' id='word_1_198' title='bbox 1501 2759 1550 2818; x_wconf 94' lang='lat' dir='ltr'>uti</span> <span class='ocrx_word' id='word_1_199' title='bbox 1574 2754 1704 2841; x_wconf 89' lang='lat' dir='ltr'>publice</span> <span class='ocrx_word' id='word_1_200' title='bbox 1734 2754 1819 2818; x_wconf 88' lang='lat' dir='ltr'>serui</span> <span class='ocrx_word' id='word_1_201' title='bbox 1852 2754 2027 2818; x_wconf 85' lang='lat' dir='ltr'>aduersum</span> <span class='ocrx_word' id='word_1_202' title='bbox 2050 2777 2120 2843; x_wconf 92' lang='lat' dir='ltr'>pro-</span> 
     </span>
     <span class='ocr_line' id='line_1_19' title="bbox 493 2855 2120 2962; baseline 0 -25"><span class='ocrx_word' id='word_1_203' title='bbox 493 2875 726 2961; x_wconf 90' lang='lat' dir='ltr'>pulsandorum</span> <span class='ocrx_word' id='word_1_204' title='bbox 749 2875 891 2939; x_wconf 88' lang='lat' dir='ltr'>hostium</span> <span class='ocrx_word' id='word_1_205' title='bbox 913 2877 1069 2962; x_wconf 87' lang='lat' dir='ltr'>impetum</span> <span class='ocrx_word' id='word_1_206' title='bbox 1091 2885 1291 2955; x_wconf 89' lang='lat' dir='ltr'>emerentur,</span> <span class='ocrx_word' id='word_1_207' title='bbox 1314 2896 1417 2960; x_wconf 87' lang='lat' dir='ltr'>eaque</span> <span class='ocrx_word' id='word_1_208' title='bbox 1437 2873 1477 2936; x_wconf 91' lang='lat' dir='ltr'>de</span> <span class='ocrx_word' id='word_1_209' title='bbox 1503 2855 1538 2936; x_wconf 86' lang='lat' dir='ltr'>re</span> <span class='ocrx_word' id='word_1_210' title='bbox 1560 2895 1619 2958; x_wconf 88' lang='lat' dir='ltr'>per</span> <span class='ocrx_word' id='word_1_211' title='bbox 1637 2872 1787 2936; x_wconf 91' lang='lat' dir='ltr'>tribunos</span> <span class='ocrx_word' id='word_1_212' title='bbox 1816 2871 1922 2959; x_wconf 87' lang='lat' dir='ltr'>plebis</span> <span class='ocrx_word' id='word_1_213' title='bbox 1950 2873 2037 2960; x_wconf 86' lang='lat' dir='ltr'>apud</span> <span class='ocrx_word' id='word_1_214' title='bbox 2065 2897 2120 2960; x_wconf 93' lang='lat' dir='ltr'>po-</span> 
     </span>
     <span class='ocr_line' id='line_1_20' title="bbox 492 2989 2119 3080; baseline -0.002 -23"><span class='ocrx_word' id='word_1_215' title='bbox 492 2992 603 3080; x_wconf 88' lang='lat' dir='ltr'>pulum</span> <span class='ocrx_word' id='word_1_216' title='bbox 629 2992 696 3056; x_wconf 87' lang='lat' dir='ltr'>lata</span> <span class='ocrx_word' id='word_1_217' title='bbox 720 2995 889 3078; x_wconf 88' lang='lat' dir='ltr'>rogatione</span> <span class='ocrx_word' id='word_1_218' title='bbox 909 3005 975 3057; x_wconf 90' lang='lat' dir='ltr'>tres</span> <span class='ocrx_word' id='word_1_219' title='bbox 998 2995 1100 3057; x_wconf 86' lang='lat' dir='ltr'>creati</span> <span class='ocrx_word' id='word_1_220' title='bbox 1134 3004 1209 3058; x_wconf 92' lang='lat' dir='ltr'>sunt</span> <span class='ocrx_word' id='word_1_221' title='bbox 1239 2993 1319 3074; x_wconf 91' lang='lat' dir='ltr'>uiri,</span> <span class='ocrx_word' id='word_1_222' title='bbox 1356 2994 1413 3079; x_wconf 90' lang='lat' dir='ltr'>qui</span> <span class='ocrx_word' id='word_1_223' title='bbox 1446 3001 1601 3079; x_wconf 90' lang='lat' dir='ltr'>quattuor</span> <span class='ocrx_word' id='word_1_224' title='bbox 1632 3000 1665 3054; x_wconf 93' lang='lat' dir='ltr'>et</span> <span class='ocrx_word' id='word_1_225' title='bbox 1695 2989 1816 3074; x_wconf 90' lang='lat' dir='ltr'>uiginti</span> <span class='ocrx_word' id='word_1_226' title='bbox 1840 2990 1931 3054; x_wconf 90' lang='lat' dir='ltr'>milia</span> <span class='ocrx_word' id='word_1_227' title='bbox 1953 3014 2119 3055; x_wconf 89' lang='lat' dir='ltr'>seruorum</span> 
     </span>
     <span class='ocr_line' id='line_1_21' title="bbox 494 3108 2119 3204; baseline -0.004 -28"><span class='ocrx_word' id='word_1_228' title='bbox 494 3123 767 3198; x_wconf 87' lang='lat' dir='ltr'>conparauerunt,</span> <span class='ocrx_word' id='word_1_229' title='bbox 794 3113 991 3198; x_wconf 89' lang='lat' dir='ltr'>adactosque</span> <span class='ocrx_word' id='word_1_230' title='bbox 1020 3113 1089 3176; x_wconf 90' lang='lat' dir='ltr'>iure</span> <span class='ocrx_word' id='word_1_231' title='bbox 1118 3110 1256 3204; x_wconf 84' lang='lat' dir='ltr'>iurando</span> <span class='ocrx_word' id='word_1_232' title='bbox 1278 3121 1444 3173; x_wconf 88' lang='lat' dir='ltr'>strenuam</span> <span class='ocrx_word' id='word_1_233' title='bbox 1467 3133 1501 3173; x_wconf 90' lang='lat' dir='ltr'>se</span> <span class='ocrx_word' id='word_1_234' title='bbox 1525 3109 1705 3194; x_wconf 85' lang='lat' dir='ltr'>fortemque</span> <span class='ocrx_word' id='word_1_235' title='bbox 1729 3129 1859 3194; x_wconf 87' lang='lat' dir='ltr'>operam</span> <span class='ocrx_word' id='word_1_236' title='bbox 1876 3108 2020 3187; x_wconf 80' lang='lat' dir='ltr'>dauiros,</span> <span class='ocrx_word' id='word_1_237' title='bbox 2042 3130 2119 3194; x_wconf 91' lang='lat' dir='ltr'>quo·</span> 
     </span>
     <span class='ocr_line' id='line_1_22' title="bbox 492 3228 1602 3311; baseline -0.003 -19"><span class='ocrx_word' id='word_1_238' title='bbox 492 3230 534 3292; x_wconf 91' lang='lat' dir='ltr'>ad</span> <span class='ocrx_word' id='word_1_239' title='bbox 558 3230 659 3293; x_wconf 87' lang='lat' dir='ltr'>Poeni</span> <span class='ocrx_word' id='word_1_240' title='bbox 683 3239 793 3294; x_wconf 88' lang='lat' dir='ltr'>essent</span> <span class='ocrx_word' id='word_1_241' title='bbox 814 3232 849 3292; x_wconf 92' lang='lat' dir='ltr'>in</span> <span class='ocrx_word' id='word_1_242' title='bbox 868 3230 982 3311; x_wconf 86' lang='lat' dir='ltr'>Italia,</span> <span class='ocrx_word' id='word_1_243' title='bbox 1007 3228 1124 3293; x_wconf 88' lang='lat' dir='ltr'>datura</span> <span class='ocrx_word' id='word_1_244' title='bbox 1142 3251 1232 3292; x_wconf 91' lang='lat' dir='ltr'>arma</span> <span class='ocrx_word' id='word_1_245' title='bbox 1250 3229 1283 3291; x_wconf 91' lang='lat' dir='ltr'>in</span> <span class='ocrx_word' id='word_1_246' title='bbox 1306 3237 1414 3290; x_wconf 85' lang='lat' dir='ltr'>castra</span> <span class='ocrx_word' id='word_1_247' title='bbox 1433 3228 1602 3290; x_wconf 89' lang='lat' dir='ltr'>miserunt.</span> 
     </span>
     <span class='ocr_line' id='line_1_23' title="bbox 327 3343 2118 3433; baseline -0.002 -25"><span class='ocrx_word' id='word_1_248' title='bbox 327 3345 428 3409; x_wconf 79' lang='lat' dir='ltr'>Vides</span> <span class='ocrx_word' id='word_1_249' title='bbox 448 3349 481 3409; x_wconf 90' lang='lat' dir='ltr'>in</span> <span class='ocrx_word' id='word_1_250' title='bbox 502 3371 565 3433; x_wconf 94' lang='lat' dir='ltr'>quo</span> <span class='ocrx_word' id='word_1_251' title='bbox 587 3349 753 3413; x_wconf 87' lang='lat' dir='ltr'>haeream:</span> <span class='ocrx_word' id='word_1_252' title='bbox 776 3347 871 3412; x_wconf 91' lang='lat' dir='ltr'>nihili</span> <span class='ocrx_word' id='word_1_253' title='bbox 904 3351 990 3414; x_wconf 89' lang='lat' dir='ltr'>enim</span> <span class='ocrx_word' id='word_1_254' title='bbox 1017 3347 1096 3410; x_wconf 82' lang='lat' dir='ltr'>haec</span> <span class='ocrx_word' id='word_1_255' title='bbox 1120 3357 1196 3410; x_wconf 88' lang='lat' dir='ltr'>sunt</span> <span class='ocrx_word' id='word_1_256' title='bbox 1226 3346 1370 3410; x_wconf 86' lang='lat' dir='ltr'>datura</span> <span class='ocrx_word' id='word_1_257' title='bbox 1397 3365 1517 3424; x_wconf 89' lang='lat' dir='ltr'>arma,</span> <span class='ocrx_word' id='word_1_258' title='bbox 1547 3367 1631 3430; x_wconf 91' lang='lat' dir='ltr'>quae</span> <span class='ocrx_word' id='word_1_259' title='bbox 1653 3366 1741 3408; x_wconf 89' lang='lat' dir='ltr'>merc</span> <span class='ocrx_word' id='word_1_260' title='bbox 1763 3365 1822 3407; x_wconf 90' lang='lat' dir='ltr'>suo</span> <span class='ocrx_word' id='word_1_261' title='bbox 1845 3343 2015 3430; x_wconf 83' lang='lat' dir='ltr'>Kompfius</span> <span class='ocrx_word' id='word_1_262' title='bbox 2038 3353 2118 3406; x_wconf 83' lang='lat' dir='ltr'>tain-</span> 
     </span>
     <span class='ocr_line' id='line_1_24' title="bbox 327 3461 2119 3554; baseline -0.002 -28"><span class='ocrx_word' id='word_1_263' title='bbox 327 3486 423 3550; x_wconf 88' lang='lat' dir='ltr'>quam</span> <span class='ocrx_word' id='word_1_264' title='bbox 442 3465 612 3552; x_wconf 84' lang='lat' dir='ltr'>archetypi</span> <span class='ocrx_word' id='word_1_265' title='bbox 633 3469 826 3554; x_wconf 87' lang='lat' dir='ltr'>scripturam</span> <span class='ocrx_word' id='word_1_266' title='bbox 850 3469 885 3530; x_wconf 93' lang='lat' dir='ltr'>in</span> <span class='ocrx_word' id='word_1_267' title='bbox 906 3477 999 3531; x_wconf 84' lang='lat' dir='ltr'>textu</span> <span class='ocrx_word' id='word_1_268' title='bbox 1020 3467 1177 3552; x_wconf 91' lang='lat' dir='ltr'>reposuit.</span> <span class='ocrx_word' id='word_1_269' title='bbox 1223 3464 1410 3528; x_wconf 87' lang='lat' dir='ltr'>Sententiae</span> <span class='ocrx_word' id='word_1_270' title='bbox 1431 3473 1464 3526; x_wconf 90' lang='lat' dir='ltr'>et</span> <span class='ocrx_word' id='word_1_271' title='bbox 1485 3462 1640 3527; x_wconf 85' lang='lat' dir='ltr'>conuenit</span> <span class='ocrx_word' id='word_1_272' title='bbox 1659 3471 1692 3525; x_wconf 92' lang='lat' dir='ltr'>ct</span> <span class='ocrx_word' id='word_1_273' title='bbox 1715 3463 1795 3525; x_wconf 89' lang='lat' dir='ltr'>satis</span> <span class='ocrx_word' id='word_1_274' title='bbox 1812 3462 1911 3541; x_wconf 84' lang='lat' dir='ltr'>facit,</span> <span class='ocrx_word' id='word_1_275' title='bbox 1928 3461 2014 3546; x_wconf 90' lang='lat' dir='ltr'>quod</span> <span class='ocrx_word' id='word_1_276' title='bbox 2034 3481 2119 3524; x_wconf 83' lang='lat' dir='ltr'>unus</span> 
     </span>
     <span class='ocr_line' id='line_1_25' title="bbox 327 3575 2119 3672; baseline -0.004 -26"><span class='ocrx_word' id='word_1_277' title='bbox 327 3582 505 3671; x_wconf 83' lang='lat' dir='ltr'>eKempfii</span> <span class='ocrx_word' id='word_1_278' title='bbox 528 3583 621 3648; x_wconf 83' lang='lat' dir='ltr'>libris</span> <span class='ocrx_word' id='word_1_279' title='bbox 647 3585 703 3672; x_wconf 77' lang='lat' dir='ltr'>(E)</span> <span class='ocrx_word' id='word_1_280' title='bbox 727 3607 766 3649; x_wconf 87' lang='lat' dir='ltr'>ac</span> <span class='ocrx_word' id='word_1_281' title='bbox 787 3575 936 3649; x_wconf 71' lang='lat' dir='ltr'>&#39;l&#39;orrenii</span> <span class='ocrx_word' id='word_1_282' title='bbox 960 3584 1062 3648; x_wconf 89' lang='lat' dir='ltr'>editio</span> <span class='ocrx_word' id='word_1_283' title='bbox 1085 3583 1257 3670; x_wconf 84' lang='lat' dir='ltr'>praebent:</span> <span class='ocrx_word' id='word_1_284' title='bbox 1282 3581 1398 3644; x_wconf 88' lang='lat' dir='ltr'>datis</span> <span class='ocrx_word' id='word_1_285' title='bbox 1422 3582 1563 3645; x_wconf 88' lang='lat' dir='ltr'>armis:</span> <span class='ocrx_word' id='word_1_286' title='bbox 1585 3579 1673 3666; x_wconf 89' lang='lat' dir='ltr'>quod</span> <span class='ocrx_word' id='word_1_287' title='bbox 1694 3582 1900 3644; x_wconf 90' lang='lat' dir='ltr'>restituerem</span> <span class='ocrx_word' id='word_1_288' title='bbox 1923 3577 2070 3657; x_wconf 84' lang='lat' dir='ltr'>Valerio,</span> <span class='ocrx_word' id='word_1_289' title='bbox 2091 3578 2119 3639; x_wconf 87' lang='lat' dir='ltr'>si</span> 
     </span>
     <span class='ocr_line' id='line_1_26' title="bbox 326 3695 2118 3790; baseline -0.004 -26"><span class='ocrx_word' id='word_1_290' title='bbox 326 3703 415 3764; x_wconf 92' lang='lat' dir='ltr'>uiam</span> <span class='ocrx_word' id='word_1_291' title='bbox 438 3701 649 3788; x_wconf 81' lang='lat' dir='ltr'>dispicerem,</span> <span class='ocrx_word' id='word_1_292' title='bbox 670 3727 735 3790; x_wconf 91' lang='lat' dir='ltr'>qua</span> <span class='ocrx_word' id='word_1_293' title='bbox 758 3704 839 3769; x_wconf 92' lang='lat' dir='ltr'>illud</span> <span class='ocrx_word' id='word_1_294' title='bbox 860 3707 896 3768; x_wconf 89' lang='lat' dir='ltr'>in</span> <span class='ocrx_word' id='word_1_295' title='bbox 925 3703 1094 3790; x_wconf 86' lang='lat' dir='ltr'>archetypi</span> <span class='ocrx_word' id='word_1_296' title='bbox 1122 3700 1339 3786; x_wconf 88' lang='lat' dir='ltr'>corruptelam</span> <span class='ocrx_word' id='word_1_297' title='bbox 1360 3699 1494 3762; x_wconf 88' lang='lat' dir='ltr'>abisset.</span> <span class='ocrx_word' id='word_1_298' title='bbox 1539 3697 1635 3760; x_wconf 88' lang='lat' dir='ltr'>Nunc</span> <span class='ocrx_word' id='word_1_299' title='bbox 1660 3697 1750 3761; x_wconf 90' lang='lat' dir='ltr'>aliud</span> <span class='ocrx_word' id='word_1_300' title='bbox 1778 3695 2118 3784; x_wconf 83' lang='lat' dir='ltr'>circumspiciendum,</span> 
     </span>
     <span class='ocr_line' id='line_1_27' title="bbox 326 3815 2118 3910; baseline -0.004 -29"><span class='ocrx_word' id='word_1_301' title='bbox 326 3841 398 3882; x_wconf 91' lang='lat' dir='ltr'>cum</span> <span class='ocrx_word' id='word_1_302' title='bbox 420 3829 451 3882; x_wconf 90' lang='lat' dir='ltr'>et</span> <span class='ocrx_word' id='word_1_303' title='bbox 469 3819 566 3902; x_wconf 89' lang='lat' dir='ltr'>illud,</span> <span class='ocrx_word' id='word_1_304' title='bbox 589 3822 676 3908; x_wconf 86' lang='lat' dir='ltr'>quod</span> <span class='ocrx_word' id='word_1_305' title='bbox 697 3843 716 3884; x_wconf 92' lang='lat' dir='ltr'>a</span> <span class='ocrx_word' id='word_1_306' title='bbox 735 3824 838 3909; x_wconf 89' lang='lat' dir='ltr'>perito</span> <span class='ocrx_word' id='word_1_307' title='bbox 859 3824 1047 3910; x_wconf 88' lang='lat' dir='ltr'>ceteroquin</span> <span class='ocrx_word' id='word_1_308' title='bbox 1062 3820 1240 3886; x_wconf 88' lang='lat' dir='ltr'>Bernensis</span> <span class='ocrx_word' id='word_1_309' title='bbox 1259 3827 1438 3881; x_wconf 86' lang='lat' dir='ltr'>correctore</span> <span class='ocrx_word' id='word_1_310' title='bbox 1460 3815 1597 3903; x_wconf 87' lang='lat' dir='ltr'>prodiit,</span> <span class='ocrx_word' id='word_1_311' title='bbox 1623 3817 1782 3880; x_wconf 89' lang='lat' dir='ltr'>laturos</span> <span class='ocrx_word' id='word_1_312' title='bbox 1806 3837 1933 3897; x_wconf 90' lang='lat' dir='ltr'>arma,</span> <span class='ocrx_word' id='word_1_313' title='bbox 1956 3815 2021 3878; x_wconf 91' lang='lat' dir='ltr'>nisi</span> <span class='ocrx_word' id='word_1_314' title='bbox 2043 3832 2118 3876; x_wconf 91' lang='lat' dir='ltr'>con-</span> 
     </span>
     <span class='ocr_line' id='line_1_28' title="bbox 328 3933 2115 4033; baseline -0.003 -33"><span class='ocrx_word' id='word_1_315' title='bbox 328 3939 446 4001; x_wconf 82' lang='lat' dir='ltr'>tortula</span> <span class='ocrx_word' id='word_1_316' title='bbox 469 3939 687 4033; x_wconf 79' lang='lat' dir='ltr'>explicatione</span> <span class='ocrx_word' id='word_1_317' title='bbox 709 3941 843 4004; x_wconf 87' lang='lat' dir='ltr'>delendi</span> <span class='ocrx_word' id='word_1_318' title='bbox 865 3963 931 4006; x_wconf 92' lang='lat' dir='ltr'>non</span> <span class='ocrx_word' id='word_1_319' title='bbox 952 3942 1067 4027; x_wconf 88' lang='lat' dir='ltr'>possit.</span> <span class='ocrx_word' id='word_1_320' title='bbox 1113 3939 1185 4023; x_wconf 84' lang='lat' dir='ltr'>Ego</span> <span class='ocrx_word' id='word_1_321' title='bbox 1208 3937 1285 4000; x_wconf 87' lang='lat' dir='ltr'>dum</span> <span class='ocrx_word' id='word_1_322' title='bbox 1301 3935 1521 4000; x_wconf 88' lang='lat' dir='ltr'>conditionem</span> <span class='ocrx_word' id='word_1_323' title='bbox 1538 3935 1602 4000; x_wconf 91' lang='lat' dir='ltr'>loci</span> <span class='ocrx_word' id='word_1_324' title='bbox 1618 3945 1650 3999; x_wconf 90' lang='lat' dir='ltr'>et</span> <span class='ocrx_word' id='word_1_325' title='bbox 1672 3935 1839 4021; x_wconf 87' lang='lat' dir='ltr'>archetypi</span> <span class='ocrx_word' id='word_1_326' title='bbox 1861 3933 1974 3998; x_wconf 87' lang='lat' dir='ltr'>sordes</span> <span class='ocrx_word' id='word_1_327' title='bbox 1990 3939 2115 4016; x_wconf 86' lang='lat' dir='ltr'>reputa,</span> 
     </span>
     <span class='ocr_line' id='line_1_29' title="bbox 327 4049 2116 4139; baseline -0.004 -22"><span class='ocrx_word' id='word_1_328' title='bbox 327 4054 450 4119; x_wconf 89' lang='lat' dir='ltr'>Valerii</span> <span class='ocrx_word' id='word_1_329' title='bbox 475 4061 607 4121; x_wconf 81' lang='lat' dir='ltr'>manuni</span> <span class='ocrx_word' id='word_1_330' title='bbox 636 4060 682 4122; x_wconf 90' lang='lat' dir='ltr'>sic</span> <span class='ocrx_word' id='word_1_331' title='bbox 711 4059 826 4123; x_wconf 89' lang='lat' dir='ltr'>uideor</span> <span class='ocrx_word' id='word_1_332' title='bbox 851 4061 1024 4124; x_wconf 88' lang='lat' dir='ltr'>suscitare:</span> <span class='ocrx_word' id='word_1_333' title='bbox 1053 4057 1178 4122; x_wconf 82' lang='lat' dir='ltr'><strong>DATA</strong></span> <span class='ocrx_word' id='word_1_334' title='bbox 1210 4053 1478 4134; x_wconf 83' lang='lat' dir='ltr'>ARMATVRA,</span> <span class='ocrx_word' id='word_1_335' title='bbox 1509 4077 1547 4118; x_wconf 91' lang='lat' dir='ltr'>co</span> <span class='ocrx_word' id='word_1_336' title='bbox 1576 4077 1676 4118; x_wconf 87' lang='lat' dir='ltr'>sensu</span> <span class='ocrx_word' id='word_1_337' title='bbox 1703 4075 1767 4139; x_wconf 93' lang='lat' dir='ltr'>quo</span> <span class='ocrx_word' id='word_1_338' title='bbox 1801 4051 1979 4117; x_wconf 82' lang='lat' dir='ltr'>Torrcnius</span> <span class='ocrx_word' id='word_1_339' title='bbox 2006 4049 2116 4112; x_wconf 90' lang='lat' dir='ltr'>datis</span> 
     </span>
     <span class='ocr_line' id='line_1_30' title="bbox 328 4167 2115 4264; baseline -0.005 -27"><span class='ocrx_word' id='word_1_340' title='bbox 328 4175 448 4240; x_wconf 89' lang='lat' dir='ltr'>armis</span> <span class='ocrx_word' id='word_1_341' title='bbox 460 4176 614 4264; x_wconf 76' lang='lat' dir='ltr'>refinxit.</span> <span class='ocrx_word' id='word_1_342' title='bbox 655 4177 765 4241; x_wconf 90' lang='lat' dir='ltr'>Licuit</span> <span class='ocrx_word' id='word_1_343' title='bbox 783 4181 869 4242; x_wconf 89' lang='lat' dir='ltr'>enim</span> <span class='ocrx_word' id='word_1_344' title='bbox 892 4191 928 4243; x_wconf 92' lang='lat' dir='ltr'>ut</span> <span class='ocrx_word' id='word_1_345' title='bbox 950 4188 1027 4264; x_wconf 90' lang='lat' dir='ltr'>puto</span> <span class='ocrx_word' id='word_1_346' title='bbox 1039 4177 1172 4242; x_wconf 85' lang='lat' dir='ltr'>Valerio</span> <span class='ocrx_word' id='word_1_347' title='bbox 1195 4176 1327 4241; x_wconf 89' lang='lat' dir='ltr'>rarioris</span> <span class='ocrx_word' id='word_1_348' title='bbox 1347 4173 1499 4236; x_wconf 91' lang='lat' dir='ltr'>dictionis</span> <span class='ocrx_word' id='word_1_349' title='bbox 1517 4174 1552 4236; x_wconf 91' lang='lat' dir='ltr'>in</span> <span class='ocrx_word' id='word_1_350' title='bbox 1567 4173 1681 4260; x_wconf 91' lang='lat' dir='ltr'>primis</span> <span class='ocrx_word' id='word_1_351' title='bbox 1702 4171 1863 4251; x_wconf 88' lang='lat' dir='ltr'>studioso,</span> <span class='ocrx_word' id='word_1_352' title='bbox 1886 4190 2000 4232; x_wconf 87' lang='lat' dir='ltr'>uocem</span> <span class='ocrx_word' id='word_1_353' title='bbox 2020 4167 2115 4230; x_wconf 87' lang='lat' dir='ltr'>istam</span> 
     </span>
     <span class='ocr_line' id='line_1_31' title="bbox 329 4276 2114 4382; baseline -0.006 -24"><span class='ocrx_word' id='word_1_354' title='bbox 329 4317 502 4382; x_wconf 88' lang='lat' dir='ltr'>usurpare,</span> <span class='ocrx_word' id='word_1_355' title='bbox 527 4318 624 4381; x_wconf 91' lang='lat' dir='ltr'>quam</span> <span class='ocrx_word' id='word_1_356' title='bbox 647 4295 830 4361; x_wconf 87' lang='lat' dir='ltr'>dubitarem</span> <span class='ocrx_word' id='word_1_357' title='bbox 853 4319 893 4361; x_wconf 91' lang='lat' dir='ltr'>ea</span> <span class='ocrx_word' id='word_1_358' title='bbox 915 4299 948 4360; x_wconf 90' lang='lat' dir='ltr'>ui</span> <span class='ocrx_word' id='word_1_359' title='bbox 972 4299 1005 4359; x_wconf 92' lang='lat' dir='ltr'>in</span> <span class='ocrx_word' id='word_1_360' title='bbox 1030 4295 1239 4376; x_wconf 87' lang='lat' dir='ltr'>Ciceronem,</span> <span class='ocrx_word' id='word_1_361' title='bbox 1261 4293 1411 4371; x_wconf 90' lang='lat' dir='ltr'>Liuium,</span> <span class='ocrx_word' id='word_1_362' title='bbox 1434 4290 1515 4353; x_wconf 90' lang='lat' dir='ltr'>alios</span> <span class='ocrx_word' id='word_1_363' title='bbox 1538 4292 1609 4354; x_wconf 91' lang='lat' dir='ltr'>eius</span> <span class='ocrx_word' id='word_1_364' title='bbox 1637 4290 1753 4353; x_wconf 88' lang='lat' dir='ltr'>aetatis</span> <span class='ocrx_word' id='word_1_365' title='bbox 1784 4289 1959 4374; x_wconf 88' lang='lat' dir='ltr'>scriptores</span> <span class='ocrx_word' id='word_1_366' title='bbox 1983 4276 2114 4349; x_wconf 81' lang='lat' dir='ltr'>inferre.</span> 
     </span>
    </p>
   </div>
   <div class='ocr_carea' id='block_1_7' title="bbox 330 4404 2237 4500">
    <p class='ocr_par' dir='ltr' id='par_1_8' title="bbox 330 4404 2237 4500">
     <span class='ocr_line' id='line_1_32' title="bbox 330 4404 2237 4500; baseline -0.006 -25"><span class='ocrx_word' id='word_1_367' title='bbox 330 4413 401 4476; x_wconf 80' lang='lat' dir='ltr'>Non</span> <span class='ocrx_word' id='word_1_368' title='bbox 421 4416 573 4498; x_wconf 88' lang='lat' dir='ltr'>ignorant</span> <span class='ocrx_word' id='word_1_369' title='bbox 595 4411 644 4476; x_wconf 92' lang='lat' dir='ltr'>illi</span> <span class='ocrx_word' id='word_1_370' title='bbox 667 4413 799 4500; x_wconf 89' lang='lat' dir='ltr'>quidem</span> <span class='ocrx_word' id='word_1_371' title='bbox 822 4415 906 4479; x_wconf 90' lang='lat' dir='ltr'>hanc</span> <span class='ocrx_word' id='word_1_372' title='bbox 928 4437 1058 4494; x_wconf 89' lang='lat' dir='ltr'>uocem,</span> <span class='ocrx_word' id='word_1_373' title='bbox 1084 4413 1142 4477; x_wconf 86' lang='lat' dir='ltr'>sed</span> <span class='ocrx_word' id='word_1_374' title='bbox 1166 4412 1206 4475; x_wconf 92' lang='lat' dir='ltr'>de</span> <span class='ocrx_word' id='word_1_375' title='bbox 1233 4431 1397 4474; x_wconf 89' lang='lat' dir='ltr'>armorum</span> <span class='ocrx_word' id='word_1_376' title='bbox 1425 4429 1547 4491; x_wconf 89' lang='lat' dir='ltr'>genere</span> <span class='ocrx_word' id='word_1_377' title='bbox 1579 4431 1617 4471; x_wconf 90' lang='lat' dir='ltr'>ac</span> <span class='ocrx_word' id='word_1_378' title='bbox 1646 4407 1751 4472; x_wconf 88' lang='lat' dir='ltr'>forma</span> <span class='ocrx_word' id='word_1_379' title='bbox 1780 4413 1836 4467; x_wconf 89' lang='lat' dir='ltr'>aut</span> <span class='ocrx_word' id='word_1_380' title='bbox 1868 4405 1950 4491; x_wconf 86' lang='lat' dir='ltr'>ipsis</span> <span class='ocrx_word' id='word_1_381' title='bbox 1981 4404 2114 4466; x_wconf 89' lang='lat' dir='ltr'>armatis</span> <span class='ocrx_word' id='word_1_382' title='bbox 2230 4419 2237 4428; x_wconf 91' lang='lat'><em>·</em></span> 
     </span>
    </p>
   </div>
   <div class='ocr_carea' id='block_1_8' title="bbox 328 4521 2114 4705">
    <p class='ocr_par' dir='ltr' id='par_1_9' title="bbox 328 4521 2114 4705">
     <span class='ocr_line' id='line_1_33' title="bbox 328 4521 2114 4618; baseline -0.006 -25"><span class='ocrx_word' id='word_1_383' title='bbox 328 4541 474 4594; x_wconf 87' lang='lat' dir='ltr'>utuntur.</span> <span class='ocrx_word' id='word_1_384' title='bbox 520 4532 559 4594; x_wconf 89' lang='lat' dir='ltr'>In</span> <span class='ocrx_word' id='word_1_385' title='bbox 582 4531 728 4610; x_wconf 89' lang='lat' dir='ltr'>Valerio,</span> <span class='ocrx_word' id='word_1_386' title='bbox 755 4535 908 4618; x_wconf 91' lang='lat' dir='ltr'>quoniam</span> <span class='ocrx_word' id='word_1_387' title='bbox 932 4553 970 4596; x_wconf 89' lang='lat' dir='ltr'>eo</span> <span class='ocrx_word' id='word_1_388' title='bbox 993 4531 1083 4595; x_wconf 92' lang='lat' dir='ltr'>ducit</span> <span class='ocrx_word' id='word_1_389' title='bbox 1106 4529 1306 4616; x_wconf 87' lang='lat' dir='ltr'>corruptela,</span> <span class='ocrx_word' id='word_1_390' title='bbox 1329 4550 1393 4591; x_wconf 90' lang='lat' dir='ltr'>non</span> <span class='ocrx_word' id='word_1_391' title='bbox 1422 4547 1538 4588; x_wconf 89' lang='lat' dir='ltr'>uereor</span> <span class='ocrx_word' id='word_1_392' title='bbox 1566 4547 1637 4588; x_wconf 86' lang='lat' dir='ltr'>eam</span> <span class='ocrx_word' id='word_1_393' title='bbox 1665 4523 1718 4587; x_wconf 90' lang='lat' dir='ltr'>uel</span> <span class='ocrx_word' id='word_1_394' title='bbox 1746 4525 1817 4587; x_wconf 88' lang='lat' dir='ltr'>sine</span> <span class='ocrx_word' id='word_1_395' title='bbox 1846 4521 1996 4607; x_wconf 87' lang='lat' dir='ltr'>exemplo</span> <span class='ocrx_word' id='word_1_396' title='bbox 2024 4542 2114 4607; x_wconf 89' lang='lat' dir='ltr'>repo-</span> 
     </span>
     <span class='ocr_line' id='line_1_34' title="bbox 1475 4651 1561 4705; baseline 0 0"><span class='ocrx_word' id='word_1_397' title='bbox 1475 4651 1561 4705; x_wconf 91' lang='lat' dir='ltr'>tura</span> 
     </span>
    </p>
   </div>
   <div class='ocr_carea' id='block_1_9' title="bbox 327 4706 2116 5157">
    <p class='ocr_par' dir='ltr' id='par_1_10' title="bbox 327 4706 2116 5157">
     <span class='ocr_line' id='line_1_35' title="bbox 328 4706 2116 4808; baseline -0.004 -33"><span class='ocrx_word' id='word_1_398' title='bbox 328 4736 415 4777; x_wconf 88' lang='lat' dir='ltr'>nere.</span> <span class='ocrx_word' id='word_1_399' title='bbox 468 4714 707 4802; x_wconf 89' lang='lat' dir='ltr'>Deprauationi</span> <span class='ocrx_word' id='word_1_400' title='bbox 744 4727 852 4782; x_wconf 90' lang='lat' dir='ltr'>autem</span> <span class='ocrx_word' id='word_1_401' title='bbox 888 4720 994 4808; x_wconf 87' lang='lat' dir='ltr'>potuit</span> <span class='ocrx_word' id='word_1_402' title='bbox 1030 4717 1082 4781; x_wconf 89' lang='lat' dir='ltr'>uel</span> <span class='ocrx_word' id='word_1_403' title='bbox 1117 4715 1197 4778; x_wconf 88' lang='lat' dir='ltr'>haec</span> <span class='ocrx_word' id='word_1_404' title='bbox 1228 4713 1354 4802; x_wconf 89' lang='lat' dir='ltr'>species</span> <span class='ocrx_word' id='word_1_405' title='bbox 1388 4711 1573 4775; x_wconf 86' lang='lat' dir='ltr'>datarma</span> <span class='ocrx_word' id='word_1_406' title='bbox 1607 4711 1767 4794; x_wconf 88' lang='lat' dir='ltr'>originem</span> <span class='ocrx_word' id='word_1_407' title='bbox 1800 4707 1893 4788; x_wconf 89' lang='lat' dir='ltr'>dare,</span> <span class='ocrx_word' id='word_1_408' title='bbox 1928 4706 1993 4768; x_wconf 91' lang='lat' dir='ltr'>nisi</span> <span class='ocrx_word' id='word_1_409' title='bbox 2025 4727 2116 4769; x_wconf 89' lang='lat' dir='ltr'>mera</span> 
     </span>
     <span class='ocr_line' id='line_1_36' title="bbox 328 4824 2113 4918; baseline -0.005 -24"><span class='ocrx_word' id='word_1_410' title='bbox 328 4833 455 4896; x_wconf 89' lang='lat' dir='ltr'>incuria</span> <span class='ocrx_word' id='word_1_411' title='bbox 470 4833 607 4898; x_wconf 86' lang='lat' dir='ltr'>&#39;librarii</span> <span class='ocrx_word' id='word_1_412' title='bbox 636 4835 821 4899; x_wconf 87' lang='lat' dir='ltr'>nicinarum</span> <span class='ocrx_word' id='word_1_413' title='bbox 847 4859 963 4901; x_wconf 90' lang='lat' dir='ltr'>uocum</span> <span class='ocrx_word' id='word_1_414' title='bbox 994 4837 1079 4900; x_wconf 89' lang='lat' dir='ltr'>inter</span> <span class='ocrx_word' id='word_1_415' title='bbox 1110 4858 1145 4899; x_wconf 89' lang='lat' dir='ltr'>se</span> <span class='ocrx_word' id='word_1_416' title='bbox 1174 4834 1255 4896; x_wconf 88' lang='lat' dir='ltr'>fines</span> <span class='ocrx_word' id='word_1_417' title='bbox 1282 4832 1490 4918; x_wconf 87' lang='lat' dir='ltr'>permutauit.</span> <span class='ocrx_word' id='word_1_418' title='bbox 1537 4827 1634 4909; x_wconf 80' lang='lat' dir='ltr'>Quod</span> <span class='ocrx_word' id='word_1_419' title='bbox 1656 4847 1760 4912; x_wconf 86' lang='lat' dir='ltr'>genus</span> <span class='ocrx_word' id='word_1_420' title='bbox 1788 4824 2004 4910; x_wconf 88' lang='lat' dir='ltr'>corruptionis</span> <span class='ocrx_word' id='word_1_421' title='bbox 2033 4824 2113 4886; x_wconf 86' lang='lat' dir='ltr'>satis</span> 
     </span>
     <span class='ocr_line' id='line_1_37' title="bbox 328 4940 2113 5038; baseline -0.005 -25"><span class='ocrx_word' id='word_1_422' title='bbox 328 4949 536 5015; x_wconf 89' lang='lat' dir='ltr'>memorabile</span> <span class='ocrx_word' id='word_1_423' title='bbox 558 4951 790 5018; x_wconf 91' lang='lat' dir='ltr'>Lachmannus</span> <span class='ocrx_word' id='word_1_424' title='bbox 809 4957 843 5018; x_wconf 91' lang='lat' dir='ltr'>in</span> <span class='ocrx_word' id='word_1_425' title='bbox 862 4955 1015 5020; x_wconf 88' lang='lat' dir='ltr'>Lucretio</span> <span class='ocrx_word' id='word_1_426' title='bbox 1037 4954 1147 5038; x_wconf 89' lang='lat' dir='ltr'>tetigit</span> <span class='ocrx_word' id='word_1_427' title='bbox 1170 4950 1219 5038; x_wconf 79' lang='grc' dir='ltr'>(ΙΙ</span> <span class='ocrx_word' id='word_1_428' title='bbox 1244 4948 1331 5031; x_wconf 82' lang='grc'>275),</span> <span class='ocrx_word' id='word_1_429' title='bbox 1351 4947 1387 5011; x_wconf 90' lang='lat' dir='ltr'>in</span> <span class='ocrx_word' id='word_1_430' title='bbox 1410 4949 1504 5013; x_wconf 88' lang='lat' dir='ltr'>cuius</span> <span class='ocrx_word' id='word_1_431' title='bbox 1527 4946 1621 5012; x_wconf 89' lang='lat' dir='ltr'>libris</span> <span class='ocrx_word' id='word_1_432' title='bbox 1644 4944 1784 5011; x_wconf 90' lang='lat' dir='ltr'>subinde</span> <span class='ocrx_word' id='word_1_433' title='bbox 1807 4944 1842 5006; x_wconf 90' lang='lat' dir='ltr'>in</span> <span class='ocrx_word' id='word_1_434' title='bbox 1870 4943 1956 5006; x_wconf 90' lang='lat' dir='ltr'>hunc</span> <span class='ocrx_word' id='word_1_435' title='bbox 1981 4940 2113 5004; x_wconf 91' lang='lat' dir='ltr'>modum</span> 
     </span>
     <span class='ocr_line' id='line_1_38' title="bbox 327 5058 2112 5157; baseline -0.007 -25"><span class='ocrx_word' id='word_1_436' title='bbox 327 5079 497 5156; x_wconf 89' lang='lat' dir='ltr'>peceatum</span> <span class='ocrx_word' id='word_1_437' title='bbox 519 5081 587 5150; x_wconf 88' lang='lat' dir='ltr'>est,</span> <span class='ocrx_word' id='word_1_438' title='bbox 607 5080 644 5134; x_wconf 89' lang='lat' dir='ltr'>ut</span> <span class='ocrx_word' id='word_1_439' title='bbox 662 5094 721 5157; x_wconf 91' lang='lat' dir='ltr'>pro</span> <span class='ocrx_word' id='word_1_440' title='bbox 743 5071 891 5134; x_wconf 89' lang='lat' dir='ltr'>cadere</span> <span class='ocrx_word' id='word_1_441' title='bbox 914 5075 1124 5136; x_wconf 89' lang='lat' dir='ltr'>interram</span> <span class='ocrx_word' id='word_1_442' title='bbox 1148 5068 1345 5134; x_wconf 82' lang='lat' dir='ltr'>scriberetur</span> <span class='ocrx_word' id='word_1_443' title='bbox 1368 5066 1553 5130; x_wconf 90' lang='lat' dir='ltr'>caderem</span> <span class='ocrx_word' id='word_1_444' title='bbox 1575 5065 1618 5126; x_wconf 91' lang='lat' dir='ltr'>in</span> <span class='ocrx_word' id='word_1_445' title='bbox 1646 5073 1760 5127; x_wconf 89' lang='lat' dir='ltr'>terra</span> <span class='ocrx_word' id='word_1_446' title='bbox 1784 5071 1841 5124; x_wconf 90' lang='lat' dir='ltr'>aut</span> <span class='ocrx_word' id='word_1_447' title='bbox 1870 5059 2006 5126; x_wconf 91' lang='lat' dir='ltr'>umida</span> <span class='ocrx_word' id='word_1_448' title='bbox 2036 5058 2112 5120; x_wconf 91' lang='lat' dir='ltr'>liu·</span> 
     </span>
    </p>
   </div>
   <div class='ocr_carea' id='block_1_10' title="bbox 327 5187 1024 5274">
    <p class='ocr_par' dir='ltr' id='par_1_11' title="bbox 327 5187 1024 5274">
     <span class='ocr_line' id='line_1_39' title="bbox 327 5187 1024 5274; baseline -0.001 -20"><span class='ocrx_word' id='word_1_449' title='bbox 327 5189 421 5273; x_wconf 89' lang='lat' dir='ltr'>guai</span> <span class='ocrx_word' id='word_1_450' title='bbox 439 5199 620 5252; x_wconf 87' lang='lat' dir='ltr'>mutaretur</span> <span class='ocrx_word' id='word_1_451' title='bbox 641 5191 675 5252; x_wconf 93' lang='lat' dir='ltr'>iu</span> <span class='ocrx_word' id='word_1_452' title='bbox 696 5188 847 5254; x_wconf 91' lang='lat' dir='ltr'>umidai</span> <span class='ocrx_word' id='word_1_453' title='bbox 870 5187 1024 5274; x_wconf 88' lang='lat' dir='ltr'>lingna.</span> 
     </span>
    </p>
   </div>
   <div class='ocr_carea' id='block_1_11' title="bbox 328 5310 2112 5529">
    <p class='ocr_par' dir='ltr' id='par_1_12' title="bbox 328 5310 2112 5529">
     <span class='ocr_line' id='line_1_40' title="bbox 491 5310 2112 5411; baseline -0.01 -21"><span class='ocrx_word' id='word_1_454' title='bbox 491 5323 678 5390; x_wconf 84' lang='lat' dir='ltr'>Secundum</span> <span class='ocrx_word' id='word_1_455' title='bbox 690 5323 819 5411; x_wconf 88' lang='lat' dir='ltr'>prodire</span> <span class='ocrx_word' id='word_1_456' title='bbox 838 5324 1079 5390; x_wconf 82' lang='lat' dir='ltr'>Frontonem</span> <span class='ocrx_word' id='word_1_457' title='bbox 1097 5321 1193 5387; x_wconf 91' lang='lat' dir='ltr'>iubeo</span> <span class='ocrx_word' id='word_1_458' title='bbox 1209 5332 1245 5386; x_wconf 91' lang='lat' dir='ltr'>ut</span> <span class='ocrx_word' id='word_1_459' title='bbox 1263 5327 1418 5404; x_wconf 88' lang='lat' dir='ltr'>temptem</span> <span class='ocrx_word' id='word_1_460' title='bbox 1435 5317 1515 5403; x_wconf 92' lang='lat' dir='ltr'>qnid</span> <span class='ocrx_word' id='word_1_461' title='bbox 1532 5316 1736 5380; x_wconf 86' lang='lat' dir='ltr'>emendando</span> <span class='ocrx_word' id='word_1_462' title='bbox 1755 5315 1933 5401; x_wconf 87' lang='lat' dir='ltr'>proficiam.</span> <span class='ocrx_word' id='word_1_463' title='bbox 1957 5310 2112 5374; x_wconf 87' lang='lat' dir='ltr'>Aurelius</span> 
     </span>
     <span class='ocr_line' id='line_1_41' title="bbox 328 5432 2111 5529; baseline -0.013 -16"><span class='ocrx_word' id='word_1_464' title='bbox 328 5449 451 5513; x_wconf 86' lang='lat' dir='ltr'>Caesar</span> <span class='ocrx_word' id='word_1_465' title='bbox 468 5447 555 5508; x_wconf 89' lang='lat' dir='ltr'>enim</span> <span class='ocrx_word' id='word_1_466' title='bbox 573 5443 653 5508; x_wconf 85' lang='lat' dir='ltr'>haec</span> <span class='ocrx_word' id='word_1_467' title='bbox 665 5441 740 5506; x_wconf 92' lang='lat' dir='ltr'>libri</span> <span class='ocrx_word' id='word_1_468' title='bbox 760 5442 775 5506; x_wconf 96' lang='lat' dir='ltr'>I</span> <span class='ocrx_word' id='word_1_469' title='bbox 795 5445 889 5529; x_wconf 90' lang='lat' dir='ltr'>epist.</span> <span class='ocrx_word' id='word_1_470' title='bbox 910 5441 961 5505; x_wconf 90' lang='lat' dir='ltr'>IX</span> <span class='ocrx_word' id='word_1_471' title='bbox 982 5441 1028 5526; x_wconf 91' lang='lat' dir='ltr'>(p.</span> <span class='ocrx_word' id='word_1_472' title='bbox 1050 5444 1087 5504; x_wconf 85' lang='lat'>19</span> <span class='ocrx_word' id='word_1_473' title='bbox 1107 5438 1159 5503; x_wconf 92' lang='lat' dir='ltr'>ed.</span> <span class='ocrx_word' id='word_1_474' title='bbox 1176 5434 1322 5513; x_wconf 84' lang='lat' dir='ltr'>Mediol,</span> <span class='ocrx_word' id='word_1_475' title='bbox 1341 5461 1373 5522; x_wconf 92' lang='lat' dir='ltr'>p.</span> <span class='ocrx_word' id='word_1_476' title='bbox 1397 5441 1429 5500; x_wconf 91' lang='lat' dir='ltr'>ll</span> <span class='ocrx_word' id='word_1_477' title='bbox 1456 5458 1504 5521; x_wconf 89' lang='lat' dir='ltr'>sq.</span> <span class='ocrx_word' id='word_1_478' title='bbox 1524 5434 1575 5500; x_wconf 90' lang='lat' dir='ltr'>cd.</span> <span class='ocrx_word' id='word_1_479' title='bbox 1592 5434 1702 5516; x_wconf 89' lang='lat' dir='ltr'>Rom.)</span> <span class='ocrx_word' id='word_1_480' title='bbox 1723 5433 1765 5496; x_wconf 83' lang='lat' dir='ltr'>ad</span> <span class='ocrx_word' id='word_1_481' title='bbox 1784 5432 1978 5514; x_wconf 81' lang='lat' dir='ltr'>magistmm</span> <span class='ocrx_word' id='word_1_482' title='bbox 1999 5449 2111 5491; x_wconf 91' lang='lat' dir='ltr'>suum:</span> 
     </span>
    </p>
   </div>
   <div class='ocr_carea' id='block_1_12' title="bbox 0 0 2460 6372">
    <p class='ocr_par' dir='ltr' id='par_1_13' title="bbox 0 0 2460 6372">
     <span class='ocr_line' id='line_1_42' title="bbox 0 0 2460 6372; baseline 0 0"><span class='ocrx_word' id='word_1_483' title='bbox 0 0 2460 6372; x_wconf 95' lang='lat' dir='ltr'> </span> 
     </span>
    </p>
   </div>
  </div>
 </body>
</html>
