4910 6372
1070 563 1431 620 m...7.......

519 743 571 806 De
593 742 708 808 funere
730 764 773 806 au
796 789 1096 806 ..........
1120 741 1246 806 damus.
1292 740 1381 805 Sciat
1403 739 1530 804 familia
1551 762 1647 827 quem
1671 739 1848 804 admodum
1870 738 1992 823 lugeat.
2037 737 2145 804 Aliter

519 860 647 947 plangit
669 881 783 924 seruus
804 860 1039 940 manumissus,
1060 859 1156 923 aliter
1176 859 1279 924 cliens
1304 857 1537 940 laudaucatus,
1562 858 1658 923 aliter
1685 859 1810 922 amicus
1840 854 1928 940 legat
1956 855 2144 922 honoratus.
2239 937 2242 948 ὑ

518 976 607 1056 Quid
635 981 777 1042 incertas
803 987 836 1041 et
864 999 1040 1064 suspensas
1066 979 1223 1064 exequias
1248 976 1345 1062 agis?
1380 977 1526 1042 omnium
1561 977 1743 1041 animarum
1773 977 1882 1040 statim
1910 985 2144 1062 postmortem

518 1095 682 1160 hereditas
702 1105 864 1161 cernatur.

351 1301 612 1390 Repraesentaui
629 1298 731 1365 uerba
751 1299 862 1385 qualia
885 1322 918 1363 se
941 1301 974 1364 in
995 1299 1106 1364 codice
1130 1321 1189 1363 suo
1209 1297 1360 1383 Angelus
1384 1299 1493 1363 Maius
1514 1297 1634 1383 legisse
1657 1308 1813 1363 testatur:
1840 1299 2016 1386 inquibus
2040 1298 2143 1364 multa

353 1431 429 1486 sunt
457 1441 542 1508 quae
571 1427 690 1504 egeant
717 1417 955 1484 emendatione.
1007 1416 1072 1481 Sed
1093 1439 1163 1482 eam
1193 1437 1308 1480 uereor
1337 1426 1373 1480 ut
1403 1417 1503 1502 probe
1534 1417 1705 1498 instituas,
1738 1417 1765 1480 ei
1790 1417 1825 1480 in
1851 1416 1919 1480 Mai
1950 1418 2141 1480 commentis

352 1541 552 1627 perstiteris:
577 1538 720 1624 quinon
741 1545 807 1600 tam
831 1535 1013 1599 sententiae
1033 1529 1229 1600 necessitate
1251 1556 1350 1621 quam
1370 1536 1479 1621 specie
1501 1534 1642 1623 quadam
1665 1532 1863 1616 litterarum,
1888 1534 1999 1598 fallaci
2021 1536 2142 1622 saepis-

352 1681 460 1738 sume,
493 1656 704 1722 uisitatione
738 1663 887 1738 regatur,
920 1652 1082 1718 adductus
1116 1677 1173 1740 pro
1204 1653 1485 1718 laudaucatus
1516 1653 1644 1740 reponit
1674 1652 1818 1717 laudat
1850 1663 2023 1716 uocatus
2052 1662 2084 1716 et
2108 1653 2142 1716 in

352 1776 467 1862 legat
489 1775 590 1840 latere
614 1773 733 1857 luget
756 1771 951 1856 suspicatur.
997 1771 1086 1856 Ergo
1110 1773 1220 1836 missis
1248 1771 1341 1852 istie,
1371 1781 1407 1833 ut
1438 1793 1457 1833 a
1490 1793 1588 1836 sensu
1618 1773 1785 1860 scriptoris
1813 1771 2076 1858 proficiscamur,
2101 1770 2141 1834 de

351 1894 465 1958 funere
499 1895 553 1977 agi
586 1891 739 1978 adparet,
774 1887 869 1972 Nigri
902 1887 1051 1954 Censorii
1085 1892 1213 1976 opinor,
1249 1888 1288 1951 de
1318 1888 1411 1950 cuius
1433 1886 1525 1954 obitu
1547 1911 1586 1954 ac
1608 1898 1804 1954 testamento
1829 1891 1951 1955 Fronto
1974 1891 2068 1975 epist.
2093 1887 2139 1950 IV

351 2019 397 2097 (p.
422 2015 440 2074 9
465 2035 535 2099 sqq.
560 2010 610 2073 ed.
633 2007 737 2090 Med.)
762 2005 804 2070 ad
826 2006 1000 2070 Caesarem
1027 2008 1167 2092 scripsit.
1212 2005 1364 2069 Eundem
1397 2005 1436 2070 de
1470 2009 1682 2094 exequiarum
1721 2009 1787 2072 ritu
1820 2007 1963 2072 adierat:
1998 2007 2051 2070 cui
2084 2005 2140 2070 ille

349 2151 436 2192 nunc
458 2126 635 2213 respondet
656 2127 703 2189 ita
725 2135 846 2188 utnon
868 2125 1000 2190 modum
1025 2123 1167 2212 aliquem
1191 2123 1316 2188 funeris
1339 2123 1560 2207 commendet,
1582 2126 1641 2190 sed
1663 2127 1751 2188 uiam
1773 2125 1993 2211 indicetque
2017 2124 2139 2188 Fronto

349 2247 434 2332 ipse,
459 2245 539 2330 quid
562 2245 610 2308 rei
635 2243 814 2308 conditioni
837 2245 1027 2324 conueniat,
1047 2243 1205 2327 indagare
1230 2243 1343 2329 possit.
1390 2242 1519 2322 ‘Quid
1540 2244 1724 2308 incertae
1747 2254 1784 2308 et
1807 2265 2027 2330 suspensas
2051 2265 2138 2305 exe·

349 2364 468 2448 quiae
490 2361 606 2448 agie?
629 2361 804 2425 omnium
825 2361 1048 2424 animarum
1071 2360 1213 2424 statim
1236 2371 1329 2448 post
1355 2371 1525 2426 mortem
1554 2361 1761 2426 hereditas
1789 2369 2010 2426 cernatur.’
2056 2359 2138 2424 Inde

348 2479 483 2560 lacuna,
507 2501 604 2566 quam
627 2477 828 2562 significaui,
853 2478 900 2542 sic
923 2479 1044 2542 rectius
1069 2478 1199 2543 mdetur
1221 2477 1361 2566 expleri:
1385 2478 1431 2543 de
1459 2479 1600 2544 funere
1630 2489 1760 2542 autem
1791 2478 1941 2543 NIHIL
1973 2477 2139 2542 manda-

347 2619 448 2678 mus,
471 2621 569 2684 quam
593 2619 667 2661 cum
688 2597 778 2660 Maio
798 2595 933 2660 inhunc
954 2595 1102 2662 modum:
1127 2595 1173 2659 de
1203 2596 1347 2661 sunere
1376 2605 1511 2660 autem
1536 2596 1637 2659 haec
1666 2597 1916 2662 mandamus.
1962 2597 2136 2661 Rationem

349 2739 407 2779 eur
426 2738 491 2780 non
513 2717 635 2780 certius
659 2714 739 2801 quid
761 2715 797 2778 in
819 2737 858 2778 ea
876 2739 911 2778 re
932 2714 1041 2785 tradat
1062 2715 1220 2799 magistro
1243 2715 1367 2778 Caesar
1389 2715 1554 2798 adiungit,
1577 2715 1665 2802 quod
1687 2714 1831 2780 faniiliee
1855 2716 1897 2778 sit
1928 2714 2026 2778 sunus
2052 2713 2137 2778 ordi·

346 2855 437 2898 aare.
478 2833 610 2897 ‘Sciat
631 2832 793 2896 familia
815 2855 931 2922 quem
954 2832 1164 2897 admodum
1186 2831 1360 2917 lugeat.'
1393 2832 1455 2896 Cui
1474 2834 1656 2898 sentcntiae
1673 2857 1736 2920 quo
1752 2834 1956 2898 concinnitas
1970 2831 2136 2910 reddatur,

346 2951 470 3015 scribe:
500 2953 606 3016 sciat
630 2950 790 3015 familia
818 2975 934 3039 quem
963 2950 1174 3015 admodum
1209 2949 1459 3016 DOMINVM
1487 2950 1641 3035 lugeat.
1687 2951 1738 3014 Ita
1760 2953 1847 3016 enim
1868 2951 1973 3016 solent
1996 2951 2081 3014 inter
2102 2971 2136 3012 se

242 3053 252 3072 ⁰
347 3069 509 3133 familia
531 3092 570 3132 ae
592 3069 780 3134 dominus
802 3069 922 3156 opponi
946 3069 1004 3155 (cf.
1028 3069 1109 3136 Cato
1133 3070 1173 3133 de
1193 3091 1228 3132 re
1249 3071 1373 3134 rustica
1400 3093 1428 3134 c.
1453 3074 1483 3132 5.
1512 3069 1683 3134 Phaedrus
1703 3069 1756 3134 III
1783 3075 1830 3150 19,
1851 3072 1900 3156 1);
1924 3092 1983 3133 nee
2002 3067 2136 3132 difficile

346 3189 433 3252 dum
457 3187 604 3274 syllabae
625 3188 747 3252 uicinia
770 3187 865 3252 d'nti
889 3188 935 3274 (h.
959 3209 987 3250 e.
1011 3187 1229 3272 dominum)
1250 3189 1395 3252 extriuit.
1462 3189 1515 3251 De
1539 3188 1708 3276 proxumis
1730 3186 1811 3252 illud
1834 3189 2001 3274 inprimis
2023 3197 2135 3251 tenen-

345 3309 421 3371 dum
453 3319 519 3388 est,
553 3327 572 3368 a
602 3305 825 3392 plangendi
857 3306 958 3369 uerbo
988 3315 1092 3370 totum
1114 3305 1319 3369 enuntiatum
1350 3305 1502 3394 pendere.
1549 3305 1680 3370 Etenim
1705 3305 1764 3370 hee
1788 3307 1849 3386 ait,
1873 3306 2038 3371 diuersum
2063 3327 2135 3368 esse

345 3427 511 3489 hominum
533 3425 656 3488 luctum
677 3446 736 3510 pro
759 3423 950 3488 diuersitate
972 3422 1174 3486 hereditatis.
1220 3423 1303 3487 Nam
1322 3425 1611 3489 manumissionem
1633 3426 1719 3488 serui
1741 3425 1828 3488 haud
1851 3425 1949 3488 dubie
1971 3425 2050 3490 dicit
2063 3446 2152 3502 earn,

344 3565 427 3628 quae
451 3542 506 3605 fiat
525 3537 736 3605 testamento:
759 3563 824 3626 qua
847 3541 887 3604 dc
910 3541 986 3605 uide
1015 3551 1163 3604 ueterum
1191 3543 1378 3607 testimonia
1404 3543 1492 3632 apud
1520 3543 1728 3606 Brissonium
1758 3544 1798 3606 dc
1825 3543 1975 3609 formulis
2002 3567 2032 3630 p.
2062 3545 2133 3606 592.

345 3661 411 3724 Nec
434 3660 548 3728 dubito
570 3661 650 3746 quin
672 3659 784 3722 addita
812 3680 878 3722 una
911 3657 1055 3722 litterula
1087 3669 1250 3745 postrema
1281 3663 1327 3724 sic
1360 3671 1447 3725 reete
1481 3663 1669 3724 restituam:
1704 3660 1830 3727 aliter
1864 3663 1924 3748 (sc.
1958 3661 2132 3749 plangit)

342 3781 499 3842 amicus
522 3777 740 3841 LEGATO
760 3776 996 3840 honoratus.
1021 3776 1074 3840 Of.
1100 3777 1244 3843 Callistr.
1268 3778 1346 3862 Dig.
1370 3783 1421 3860 48,
1456 3785 1504 3862 10,
1537 3785 1574 3842 15
1605 3781 1673 3865 ‘qui
1702 3803 1760 3866 per
1789 3804 1920 3846 seruum
1948 3780 2001 3845 uel
2030 3779 2133 3843 filiurn
2200 3808 2201 3812 ¹

343 3897 486 3960 dictante
507 3907 660 3959 testatore
683 3894 819 3980 legato
842 3893 1094 3958 honoratur.’
1117 3895 1305 3981 (Forcellin.
1329 3897 1427 3982 Lex.)
1480 3897 1524 3962 Vt
1545 3905 1678 3984 propter
1706 3898 1974 3984 aequabilitatem
2005 3908 2133 3962 senten-

342 4016 407 4078 tiae
429 4015 528 4077 etiam
550 4011 662 4076 clienti
682 4011 851 4101 probabile
872 4013 915 4075 sit
933 4011 1081 4077 additum
1104 4013 1222 4096 fuisse,
1252 4015 1339 4101 quod
1367 4015 1547 4080 hereditate
1576 4017 1605 4078 ci
1633 4019 1820 4102 eontigerit.
1865 4021 1915 4083 Ac
1943 4019 2133 4104 circumspi-

341 4135 440 4195 cienti
461 4131 541 4196 mihi
560 4131 640 4218 quid
663 4133 772 4216 aptius
791 4133 966 4194 memorari
989 4131 1164 4217 adoptione
1186 4135 1329 4220 potuerit
1350 4155 1416 4198 non
1438 4134 1586 4200 inuenio:
1611 4155 1708 4220 quam
1737 4135 1813 4198 olim
1842 4146 1879 4198 ut
1906 4138 2131 4200 manumissio-

341 4273 415 4313 nem
438 4248 577 4313 subinde
601 4251 697 4314 etiam
720 4258 914 4312 testamento
941 4248 1105 4314 decretam
1134 4275 1206 4315 esse
1235 4252 1305 4314 iure
1334 4251 1473 4315 consulti
1501 4251 1649 4318 edocent.
1696 4253 1749 4318 Cf.
1776 4253 1966 4318 Brissonius
1996 4255 2037 4317 de
2068 4254 2131 4317 for·

340 4367 437 4432 mulis
460 4391 491 4454 p.
514 4371 586 4430 574.
632 4367 765 4447 Quare
789 4365 867 4430 licet
888 4389 953 4430 non
975 4368 1009 4430 iu
1031 4381 1183 4456 promptu
1203 4372 1246 4433 sit
1275 4370 1404 4433 clientis
1424 4369 1570 4457 adoptati
1592 4373 1778 4458 exemplum
1812 4371 1884 4458 (sed
1913 4395 1972 4438 cur
1997 4372 2132 4436 clientes

340 4489 447 4551 minus
470 4508 567 4572 quam
592 4485 673 4550 alios
697 4485 845 4572 adoptari
866 4486 1012 4572 potuisse
1036 4488 1166 4550 credam
1176 4489 1220 4574 l),
1244 4487 1396 4553 Caesaris
1423 4489 1526 4552 uerba
1547 4490 1594 4552 ita
1615 4513 1731 4578 reparo
1760 4491 1975 4556 confidenter:
2007 4486 2133 4554 aliter

339 4604 400 4689 (00.
424 4603 598 4690 plangit)
630 4602 761 4668 cliens
791 4601 1119 4668 ADOPTATVS.
1165 4605 1279 4692 Neque
1312 4628 1383 4669 eam
1417 4617 1591 4693 corruptae
1624 4611 1770 4692 grauiter
1801 4607 1936 4672 uoculae
1958 4608 2131 4674 medellam

339 4731 405 4785 tam
428 4722 605 4785 uiolentam
628 4743 719 4800 esse,
743 4743 839 4806 quam
863 4721 1015 4786 uideatur
1047 4722 1162 4805 alicui,
1196 4745 1307 4790 earum
1340 4746 1448 4787 rerum
1477 4726 1573 4810 periti
1599 4727 1789 4792 concedent.
1835 4726 1950 4816 Itaque
1983 4727 2131 4791 adhibita

339 4861 436 4926 quam
459 4839 612 4927 proposui
643 4837 870 4902 emendatione
893 4838 973 4902 haec
1004 4841 1104 4902 totius
1124 4839 1187 4904 loci
1208 4843 1332 4927 specics
1366 4843 1520 4926 emergit:

297 5092 303 5104 ,
504 5009 561 5071 De
582 5009 726 5072 funere
750 5021 884 5083 autem
906 5007 1060 5074 NIHIL
1083 5008 1339 5074 mandamus:
1365 5011 1474 5077 sciat
1494 5010 1658 5076 familia
1679 5035 1795 5099 quem
1820 5013 2029 5078 admodum
2042 5015 2129 5078 DO-

337 5125 516 5191 MINVM
540 5126 697 5208 lugeat:
731 5126 859 5192 aliter
887 5126 1050 5215 plangit
1079 5119 1224 5190 seruus
1249 5131 1540 5212 manumissus,
1574 5130 1701 5194 aliter
1731 5129 1866 5196 cliens
1895 5131 2129 5197 ADOPTA-

337 5245 446 5326 TVS,
470 5245 606 5309 aliter
638 5245 795 5308 amicus
824 5245 1042 5311 LEGATO
1075 5244 1314 5309 honoratus.
1365 5246 1474 5326 Quid
1495 5249 1686 5313 incertas
1717 5258 1757 5312 01
1780 5249 2008 5337 suspensas
2034 5273 2128 5315 exe-

334 5368 450 5453 quias
478 5363 595 5453 agis?
619 5363 797 5427 omnium
819 5365 1043 5428 animarum
1068 5363 1207 5428 statim
1230 5373 1508 5451 postmortem
1535 5365 1753 5433 hereditas
1775 5379 1976 5436 cernatur.
2065 5353 2079 5378 '
