4910 6372
697 2623 1230 2746 nnrnnnrco
1271 2539 1822 2744 nris0nnnro

995 2913 1220 3010 IMNNES
1251 2911 1526 3010 VAHLENVS

1175 3189 1358 3240 SALVTEM.

533 3677 891 3807 Adulescentum
921 3724 1219 3832 philologorum
1250 3727 1436 3818 societas,
1475 3749 1578 3830 quae
1615 3732 1658 3805 et
1691 3733 1787 3806 ncta
1815 3721 1938 3804 TVIS
1969 3723 2156 3830 auspiciis
2195 3838 2197 3843 1

366 3933 409 4005 ct
437 3925 577 4008 fauore
606 3925 719 4008 TVO
748 3936 869 4008 aucta
898 3927 1066 4008 Bonnae
1084 3910 1291 4018 effloruit,
1329 3951 1396 4006 me
1425 3885 1558 4004 noluit
1581 3923 1692 4003 hunc
1722 3921 1832 4007 diem
1860 3923 2033 4014 festum,
2075 3951 2155 4027 quo

365 4123 641 4206 DOCTORIS
680 4125 853 4232 gradum
891 4135 987 4208 ante
1026 4126 1127 4206 hacc
1152 4121 1195 4204 V
1225 4124 1353 4206 lustra
1391 4123 1521 4215 inisti,
1563 4122 1688 4228 ipsius
1726 4119 1891 4201 nomine
1921 4119 2033 4201 TIBI
2063 4147 2155 4201 con·

365 4326 570 4433 gratulari.
629 4327 751 4409 Nefas
780 4327 889 4409 enim
924 4327 1069 4408 factmi
1100 4335 1142 4407 et
1170 4327 1285 4409 nobis
1316 4337 1359 4410 ct
1389 4325 1533 4408 ceteris
1563 4323 1813 4414 uideremur,
1855 4323 1887 4400 si
1919 4319 2052 4414 TIBI,
2091 4321 2157 4400 cui

360 4535 447 4608 tam
473 4527 641 4634 insignis
667 4526 967 4609 beniuolentiae
982 4529 1179 4611 uarietate
1195 4528 1378 4609 obstricti
1399 4527 1547 4618 simus,
1571 4525 1648 4606 hoc
1671 4523 1737 4604 die
1760 4521 1941 4605 defirtrni
1964 4550 2155 4605 essemus.

364 4726 498 4808 Immo
536 4727 765 4809 desiderata
800 4729 917 4810 nobis
947 4757 995 4811 ca
1025 4730 1307 4837 opportunitas
1336 4729 1469 4820 uenit,
1506 4756 1586 4832 qua
1622 4729 1743 4810 liceat
1771 4725 1989 4832 aliquando
2025 4725 2069 4806 in
2100 4726 2157 4806 in-

365 4931 515 5011 teriore
553 4930 677 5010 animi
712 4955 873 5011 recessu
903 4889 1008 5014 fotos
1043 4959 1090 5013 ac
1124 4931 1357 5016 reconditos
1393 4933 1521 5012 nostri
1560 4930 1603 5012 in
1633 4930 1704 5012 ΤΕ
1735 4930 1882 5011 amoris
1918 4939 1961 5011 ct
1991 4956 2156 5011 uenera-

366 5131 488 5212 tionis
519 5158 660 5212 sensus
682 5133 983 5216 sincerissumos
1007 5135 1256 5242 depromere.
1317 5135 1483 5218 Etenim
1516 5135 1594 5216 hoc
1617 5134 1692 5215 sibi
1717 5134 1842 5214 sumit
1865 5131 2156 5239 discipulorum

363 5335 511 5442 pietas,
562 5343 611 5416 ut
651 5335 776 5417 etiam
806 5337 857 5417 ab
887 5338 974 5419 aliis
1012 5339 1174 5445 agnosci
1204 5338 1322 5430 uelit,
1363 5337 1505 5442 quanti
1543 5337 1682 5418 eximii
1719 5335 1990 5443 praeceptoris
2032 5333 2084 5415 de
2117 5359 2160 5414 se
