4910 6372
1052 515 1263 580 ,-..-13
1314 551 1435 559 ,ψ

1033 721 1062 788 Ε
1085 721 1222 788 LIBRO
1246 719 1457 786 SECVNDO

1238 861 1258 934 I

607 1001 765 1098 Iamque
792 1001 872 1072 eius
898 999 1062 1070 mentem
1084 996 1412 1075 fortine-fecerat
1432 999 1607 1098 quietem.

1209 1155 1277 1230 H*

607 1293 818 1390 Manrisque
844 1293 974 1366 sdsum
994 1292 1045 1366 ad
1069 1291 1244 1367 caelum·
1260 1290 1413 1367 stistulit
1437 1265 1525 1365 suas
1548 1316 1613 1365 rex

607 1427 799 1502 Amrilius:
827 1428 1068 1526 gratulatur·
1084 1429 1183 1503 diuis

1198 1586 1288 1659 ΙΙΙ*

514 1721 670 1796 Seruius
689 1722 729 1794 in
754 1721 849 1795 Aen.
871 1723 891 1794 Ι
910 1725 983 1795 273
1009 1723 1196 1798 ‘Naeuius
1223 1733 1260 1796 et
1279 1723 1426 1798 Ennius
1449 1721 1601 1796 Aeneae
1627 1747 1670 1794 ex
1696 1719 1775 1792 filia
1799 1729 1976 1819 nepotem
2001 1720 2141 1795 Romu-

344 1855 423 1929 lum
445 1857 681 1933 conditorem
703 1857 810 1932 urbis
832 1858 1010 1932 tradunt'

1201 1997 1285 2070 IV*

510 2129 633 2204 Varro
653 2129 700 2204 de
719 2131 762 2236 L
782 2131 825 2205 L.
845 2131 880 2204 V
900 2134 948 2204 43
969 2133 1017 2205 Μ.
1045 2131 1351 2206 ‘Auentinum
1377 2129 1524 2229 aliquot
1550 2131 1747 2206 decausis
1773 2128 1915 2203 dieunt.
1968 2127 2139 2202 Naeuius

344 2263 394 2335 ab
413 2263 568 2358 auibuS,
588 2267 693 2364 quod
711 2293 756 2341 eo
779 2294 819 2342 se
842 2269 891 2342 ab
910 2269 1043 2342 Tiberi
1062 2268 1203 2342 ferrent
1222 2272 1337 2342 aues!

1212 2421 1274 2494 V*

510 2554 634 2626 Varro
660 2554 706 2627 de
731 2555 774 2628 L.
800 2556 844 2629 L.
869 2555 905 2629 V
931 2558 978 2628 53
1000 2557 1049 2629 M.
1072 2562 1251 2654 ‘quartae
1275 2556 1445 2655 regionis
1471 2555 1718 2630 Palatium..
1741 2612 1748 2627 .
1770 2553 1931 2628 eundem
1955 2551 2056 2625 huno
2084 2550 2138 2625 lo-

344 2713 429 2761 cum
449 2715 471 2762 a
495 2715 633 2788 pecore
655 2689 798 2764 dictum
820 2703 957 2790 putant
975 2691 1148 2789 quidam:
1176 2692 1304 2791 itaque
1322 2693 1491 2768 Naeuius
1510 2673 1750 2804 Baletium
1769 2687 1961 2790 adpellat’
1999 2685 2136 2762 Bala-

342 2825 459 2898 tium
490 2824 594 2899 Flor.
624 2825 750 2899 Haun.
778 2825 1047 2901 Balentium
1075 2828 1188 2901 ceteri

1211 2965 1266 3038 VI

602 3097 730 3172 Prima
750 3098 893 3172 incedit
912 3097 1062 3174 Cereris
1078 3145 1092 3156 ·
1107 3101 1339 3200 Proserpina
1359 3128 1455 3202 puer

510 3319 611 3371 LIBRI
630 3321 673 3388 ΙΙΙ
694 3321 708 3370 1
726 3319 882 3370 Priscianus
901 3319 940 3369 VI
957 3337 983 3385 p.
998 3321 1048 3372 ⁷04
1065 3323 1098 3373 P.
1118 3319 1288 3387 (1255111.)
1307 3323 1470 3386 ‘inquies,
1491 3324 1568 3374 cuins
1587 3328 1734 3374 extremam
1752 3321 1850 3386 corripi
1869 3321 1936 3370 dicit
1949 3319 2068 3380 Probus,
2088 3319 2138 3368 in·

342 3405 475 3466 quietis
493 3403 658 3468 declinatur,
675 3406 747 3470 quod
765 3407 846 3456 trium
866 3407 968 3457 lactum
987 3413 1030 3456 est
1047 3423 1188 3472 generum,
1207 3414 1238 3458 ut
1255 3423 1338 3473 snpra
1355 3409 1537 3471 ostendimus,
1566 3411 1643 3461 cuius
1661 3409 1743 3460 etiam
1771 3406 1885 3471 simplex
1909 3407 1936 3456 in
1956 3421 2007 3456 usu
2031 3406 2135 3455 inueni·

345 3485 649 3569 iurltrinmgenerum.
687 3475 807 3545 Naeuius
830 3492 858 3540 in
882 3493 1001 3551 carmine
1022 3493 1087 3542 belli
1111 3494 1208 3544 Punici
1230 3493 1271 3544 11:
1296 3494 1413 3559 iamque'
1434 3511 1457 3544 e.
1477 3510 1503 3560 q.
1522 3511 1544 3544 s.
1582 3495 1607 3561 (1
1627 3498 1707 3546 Bern.
1728 3492 1867 3544 Hslberst.
1890 3491 2007 3544 Karalis.
2027 3491 2135 3556 Bamb.)

233 3577 240 3590 “
344 3579 452 3628 Aeneae
472 3558 759 3647 mentem-debellato
777 3592 836 3627 cum
856 3575 954 3630 Italiae
971 3579 1111 3644 gentibus,
1134 3581 1254 3644 quietam
1277 3581 1484 3636 sensissemus
1507 3582 1591 3645 polita
1693 3581 1722 3630 11
1740 3579 1844 3630 Nonius
1863 3594 1889 3643 p.
1912 3577 2135 3644 1111301111-

342 3663 468 3735 1111111ιί,
490 3665 594 3734 gratias
621 3651 711 3736 ager'g.
749 3663 852 3718 Ennius
872 3701 879 3713 .
901 3699 908 3713 .
929 3701 935 3713 .
961 3665 1064 3715 Neuius
1082 3665 1146 3715 belli
1164 3666 1261 3719 Punici
1282 3667 1329 3717 lib.
1347 3667 1402 3716 111:
1423 3671 1583 3732 manusque'
1612 3683 1635 3717 e.
1660 3683 1687 3732 q.
1711 3681 1734 3716 s.
1839 3664 1878 3714 VI
1910 3665 2068 3716 Priscianus
2094 3663 2133 3712 VI

342 3765 368 3813 p.
397 3749 447 3800 uel
477 3751 508 3799 Ρ.
535 3747 631 3814 (lasa
654 3750 714 3814 Kr.)
741 3754 807 3798 ‘non
830 3755 872 3799 est
897 3755 988 3800 tumen
1012 3751 1205 3816 ignorandum,
1233 3753 1305 3817 qnod
1329 3753 1411 3802 etiam
1433 3751 1477 3802 hic
1501 3767 1614 3817 putaras,
1641 3753 1684 3803 hic
1708 3759 1735 3802 et
1757 3752 1824 3802 haec
1847 3766 1929 3815 puer
1953 3749 2134 3801 uetustissimi

343 3835 488 3899 protulisse
508 3837 699 3898 inueniuntur,
724 3840 751 3884 et
774 3835 880 3899 puellus
900 3835 990 3900 puella
1105 3837 1225 3886 Naeuius
1247 3839 1274 3888 in
1293 3839 1323 3888 11
1336 3839 1401 3888 belli
1418 3839 1529 3889 Punici:
1551 3839 1653 3904 prima’
1674 3855 1697 3890 o.
1718 3855 1744 3903 q.
1765 3854 1786 3887 s.
1895 3837 1928 3886 in
1946 3836 1990 3885 VI
2008 3835 2133 3885 Nestoris

343 3923 520 3972 Nonsriensis
538 3921 720 3988 glossapnd
741 3920 872 3970 Merulam
896 3937 923 3984 p.
943 3921 977 3973 53
996 3926 1024 3972 et
1041 3923 1093 3974 410
1113 3928 1140 3972 et
1160 3923 1190 3973 P.
1210 3923 1361 3974 Seriuerins
1384 3925 1412 3974 in
1430 3940 1484 3990 mg.
1504 3925 1663 3989 exemplaris
1683 3925 1846 3974 Hermanni:
1873 3923 1916 3972 VI
1935 3924 1982 3971 sic
2001 3922 2134 3971 diserte

341 4025 395 4058 ms.
420 4009 526 4059 Prisc.
554 4007 703 4072 exempla

424 4265 595 4324 purpureus
612 4247 734 4320 Saupall.
753 4249 832 4320 Luqd
864 4247 991 4304 Karalir.
1014 4267 1183 4325 purpureus
1201 4250 1341 4306 Halbersl.
1361 4266 1427 4327 pur,
1449 4251 1500 4306 rel.
1524 4267 1586 4318 ora„
1606 4251 1686 4320 Par„
1707 4269 1742 4306 m.
1762 4253 1807 4308 all.
1829 4252 1893 4306 add.
1973 4247 2038 4304 Bic.
2063 4245 2133 4323 (lig.

339 4348 502 4428 mignique
524 4338 667 4406 A'tltntes
687 4345 691 4425 Ι
711 4347 857 4406 thincus
875 4346 1109 4426 churprirens,
1131 4347 1189 4406 lilii
1209 4349 1307 4407 terras
1331 4351 1361 4407 0.
1376 4351 1537 4407 Muellerus.
1560 4351 1599 4422 es.
1617 4353 1757 4408 Bealler'us
1776 4354 1803 4406 ia
1820 4353 1889 4408 Hor.
1912 4368 2001 4406 cama.
2028 4350 2063 4405 ll
2087 4346 2133 4418 19,

341 4447 390 4508 23.
409 4449 474 4508 Bie.
492 4448 561 4525 Gig.
574 4448 677 4525 magni
692 4448 843 4518 Atlanteo,
861 4447 984 4506 Runcus
1005 4448 1009 4528 Ι
1029 4449 1216 4528 Purpureus,
1234 4450 1288 4509 filii
1306 4451 1404 4510 terris
1422 4492 1540 4508 .....
1585 4455 1765 4509 Hermauuus
1850 4447 1890 4510 26
1905 4453 2024 4512 ,Versum
2041 4453 2133 4522 dispo-

338 4593 448 4648 suilli.
471 4593 501 4649 S.
590 4589 666 4671 eius]
690 4555 734 4650 eis
761 4595 857 4650 Bamb.
883 4593 934 4649 list
952 4595 1182 4666 monosyllabum,
1206 4597 1245 4666 es.
1271 4595 1468 4660 Lachmauaus
1495 4599 1522 4651 in
1550 4597 1635 4652 lucr.
1666 4596 1686 4652 1
1712 4592 1769 4652 149
1856 4593 1979 4652 iurtuna
2009 4595 2133 4666 Sanyall.

339 4736 464 4790 Karalir.
486 4733 636 4810 fortunam
660 4739 724 4793 Par.
748 4745 894 4808 (puuctum
916 4755 951 4791 m.
972 4739 1032 4804 au)
1143 4689 1317 4793 misma
1338 4735 1455 4830 iecerat
1470 4739 1557 4810 iupd.
1645 4739 1767 4818 iamque
1785 4739 1851 4796 eins
1869 4745 2000 4795 mentem
2028 4735 2032 4814 i
2058 4737 2133 4793 For·

337 4851 413 4909 trina
438 4849 554 4908 fecerit
584 4853 734 4933 quietem,
757 4859 787 4908 ul
808 4854 899 4908 bracis
918 4857 953 4908 sil
975 4851 1109 4930 quietem
1130 4857 1205 4909 unas
1221 4855 1309 4908 media
1329 4855 1446 4926 syllaba,
1460 4857 1642 4911 Hermaauus
1727 4851 1766 4912 27
1788 4873 1955 4932 manusque
1971 4856 2082 4912 Merula
2099 4876 2132 4928 p.

339 4947 410 5008 420.
434 4951 522 5029 isque
545 4954 616 5007 libri.
641 4950 666 5008 is
689 4951 741 5030 qui
760 4956 861 5009 Iturius
946 4953 1068 5010 sustulit
1094 4973 1148 5011 om.
1174 4957 1250 5012 aaa.
1337 4974 1392 5012 rex
1420 4955 1588 5027 Stephanus.
1619 4973 1669 5014 res
1692 4957 1756 5010 libri
1840 4951 1878 5012 28
1908 4955 2048 5014 Amulius
2073 4957 2131 5013 Sla-

334 5057 458 5129 pbauus.
484 5050 653 5110 Ammullus
684 5057 754 5110 libri.
785 5053 930 5112 Romulus
957 5055 1114 5110 Mereerus.
1137 5053 1263 5112 Attilius
1286 5057 1411 5123 Merula,
1440 5059 1510 5113 rilem
1536 5059 1580 5112 de·
1595 5057 1718 5114 Mamilio
1741 5064 1767 5112 el
1791 5059 1903 5112 Aemilio
1926 5063 2049 5132 capitana

338 5156 509 5232 gratulatur
532 5157 721 5211 Hermaaaus.
744 5151 956 5230 gratulabatur
978 5157 1041 5212 libri
1125 5152 1165 5211 29
1185 5155 1308 5216 incedet
1332 5159 1453 5231 Saapall.
1477 5160 1565 5231 Lapat.
1651 5153 1784 5236 Cereris]
1809 5158 1918 5216 celeris
1938 5160 2007 5218 Par.
2029 5179 2065 5215 m.
2084 5178 2132 5230 pr.

340 5255 469 5315 caeteris
493 5275 529 5313 m.
552 5259 597 5312 alt.
692 5255 804 5313 cereris
830 5255 959 5348 grauida
986 5254 1167 5334 proserpina
1191 5257 1314 5341 Saupall.
1408 5258 1609 5337 proaserpina
1630 5261 1771 5316 Halbrrsl.
1857 5279 1933 5340 puer
1954 5259 2133 5338 proserpina

341 5379 426 5450 lacau.
514 5374 610 5452 prima
632 5371 746 5431 incedit
769 5341 889 5430 Cereris
917 5372 1102 5449 Prose'rpina
1130 5391 1207 5449 puer
1231 5415 1236 5429 .
1262 5417 1269 5430 .
1298 5377 1479 5432 Hermannus

1045 5499 1050 5530 l
