4910 6372
1075 679 1201 688 „.-
1248 644 1284 704 ῃ
1329 677 1456 688 .-.-..

1059 823 1088 888 Ε
1111 823 1249 890 LIBRO
1270 823 1480 890 SEPTVMO

1240 983 1287 1056 I*
1342 1042 1348 1053 .

531 1075 681 1194 Gellius
707 1115 820 1190 XVII
846 1119 911 1211 21,
936 1120 984 1190 45
1013 1124 1134 1191 ‘anno
1161 1117 1298 1192 deinde
1325 1131 1415 1218 post
1440 1120 1602 1194 Romam
1630 1117 1824 1193 conditam
1855 1119 2160 1218 quingentesimo

364 1256 650 1331 undeuicesimo
669 1310 702 1370 ..
723 1310 730 1327 .
757 1251 966 1350 eodemque
991 1278 1093 1327 anno
1112 1252 1182 1329 On.
1201 1250 1370 1328 Naeuius
1398 1263 1513 1354 polita
1533 1254 1686 1332 fabulas
1712 1253 1814 1354 apud
1833 1255 2019 1356 populum
2046 1256 2160 1348 dedit,

363 1421 476 1492 quem
500 1394 550 1466 M.
568 1392 693 1466 Varro
715 1391 756 1465 in
779 1388 889 1463 libris
909 1389 956 1463 de
979 1389 1104 1490 poetis
1125 1390 1249 1490 primo
1271 1390 1462 1490 stipendia
1482 1393 1619 1468 fecisse
1640 1392 1693 1467 ait
1712 1391 1816 1466 bello
1835 1393 2002 1469 Poenico
2024 1394 2160 1494 prime,

362 1531 476 1629 idque
495 1530 621 1630 ipsum
645 1528 835 1602 Naeuium
856 1525 982 1600 dicere
1006 1527 1045 1600 in
1074 1554 1119 1601 eo
1146 1527 1331 1622 carmine,
1355 1527 1459 1626 quod
1483 1528 1530 1603 de
1555 1529 1689 1604 codem
1713 1528 1817 1603 bello
1841 1529 2018 1630 scripsit!

1246 1662 1285 1736 11

620 1800 666 1877 Id
692 1803 843 1900 qubque
864 1804 1064 1907 paciscunt
1088 1797 1571 1884 moenia-sintLutbtidm
1598 1828 1694 1901 quae

620 1935 900 2011 Reobncilient:
928 1932 1324 2036 captiuos-pidrimbs
1351 1935 1453 2010 idem

530 2089 569 2147 55
622 2071 843 2148 Sicilienses
872 2071 1222 2171 paciscit-bbsides
1250 2081 1292 2146 ut
1319 2072 1493 2148 reddant.

1023 2305 1087 2369 EX
1109 2305 1323 2372 INOERTIS
1346 2306 1496 2372 LIBRIS

1248 2464 1267 2535 Ι

1020 2628 1034 2639 -
1065 2585 1210 2660 summe
1237 2585 1350 2660 desim
1374 2589 1556 2684 regni-tor

621 2716 811 2807 Quianbm
840 2719 1007 2818 genuisti
1039 2725 1094 2793 .'.
1128 2764 1142 2775 -

1236 2857 1276 2930 Π

617 2973 870 3072 Magnumque
895 2975 1051 3050 domum
1075 2976 1327 3075 decoremque
1340 3023 1354 3034 ·
1369 2977 1485 3052 ditem
1510 2978 1704 3052 ubxbrunt.

1286 3113 1305 3156 ἡ

1097 3113 1440 3331 confugi-queant
1458 3241 1579 3305 ratem
1600 3233 1768 3306 adratum
1789 3231 1854 3330 qui

526 3381 566 3440 60
618 3365 693 3439 Per
713 3363 902 3464 liquidum
924 3368 1027 3442 mire
1050 3368 1376 3468 cudentes-etque
1400 3369 1490 3441 erint
1513 3366 1697 3442 sedentes.

521 3587 623 3638 LIBRI
640 3587 693 3637 VH
734 3585 763 3636 11
780 3586 884 3637 Nonius
909 3604 936 3652 p.
964 3589 1309 3656 474,1b‘pceiseunl.
1337 3590 1458 3640 Naeuius
1478 3587 1543 3638 belli
1561 3590 1674 3640 Poenici
1691 3588 1738 3640 lib.
1758 3589 1826 3639 VII:
1847 3586 1882 3646 ad
1902 3591 2020 3652 quoqne’
2040 3602 2064 3636 e.
2084 3604 2110 3652 q.
2131 3604 2152 3636 s.

357 3676 498 3740 (Neuius
517 3673 600 3725 belli
618 3674 741 3725 Punici
760 3671 867 3738 Bamb.)
898 3675 940 3724 De
957 3690 1025 3739 pace
1043 3691 1091 3740 per
1108 3678 1250 3728 Lutatium
1270 3678 1345 3728 sacta
1363 3670 1558 3740 diei'apertum

521 3761 570 3810 EX
587 3759 758 3810 INCERTIS
776 3761 897 3812 LIBRIS
950 3761 963 3812 1
987 3761 1087 3810 Festus
1109 3779 1137 3828 p.
1163 3764 1214 3814 257
1238 3765 1276 3814 Μ.
1303 3762 1478 3828 ‘quianam
1502 3776 1551 3825 pro
1569 3777 1653 3826 quare
1678 3766 1705 3812 et
1723 3775 1771 3811 cur
1788 3760 1907 3826 positum
1927 3765 1969 3809 est
1992 3759 2065 3824 apud
2083 3760 2152 3809 auti-

356 3865 423 3916 quos
443 3853 474 3898 ut
495 3845 629 3898 Naeuium
652 3845 679 3894 iu
697 3845 816 3896 carmine
834 3846 930 3896 Punici
948 3845 1026 3896 belii:
1053 3855 1167 3900 summe’
1188 3865 1212 3901 e.
1228 3866 1255 3916 q.
1275 3865 1296 3900 s.
1410 3847 1439 3896 11
1458 3846 1615 3897 Priscianus
1639 3846 1678 3896 VI
1695 3862 1722 3911 p.
1742 3847 1795 3900 699
1818 3849 1849 3898 Ρ.
1876 3845 1901 3910 (1
1919 3844 2048 3910 rso-ur.)
2068 3846 2153 3895 ‘inue-

358 3936 432 3985 nitur
462 3941 553 3984 tcmen
586 3933 669 3982 etiarm
701 3931 815 3996 simplex
844 3932 946 3982 decor
974 3931 1110 3983 decoris
1141 3936 1293 4000 penultima
1324 3938 1448 3998 correpta
1477 3932 1550 3998 apud
1579 3932 1796 3995 uetustissimos,
1826 3932 1935 3998 quando
1961 3947 2009 3996 pro
2039 3931 2153 3982 decorus

355 4020 454 4070 decora
481 4019 608 4069 decorum
638 4018 780 4083 accipitur.
822 4018 942 4068 Naeuius
975 4018 1004 4068 ia
1031 4019 1152 4070 carmine
1178 4021 1242 4071 belli
1272 4019 1382 4070 Punici:
1412 4032 1634 4083 magnamque
1658 4053 1664 4067 .
1691 4054 1698 4067 .
1726 4055 1733 4068 .
1762 4026 1945 4080 uexaraut3
1974 4018 2055 4069 aliter
2083 4020 2153 4070 euim

357 4106 462 4156 iambus
486 4110 559 4154 stare
582 4121 636 4154 non
661 4107 772 4169 potest.’
816 4104 1038 4170 Lexicegraphus
1061 4105 1152 4156 Vatic.
1176 4104 1220 4170 (A.
1245 4106 1302 4156 Mai
1330 4109 1403 4156 auct.
1435 4105 1516 4156 class.
1545 4103 1614 4154 VIII
1643 4103 1704 4170 105)
1735 4105 1812 4156 ‘item
1838 4122 1855 4156 a
1884 4106 1968 4157 uerbo
2001 4105 2080 4156 decet
2109 4106 2153 4156 hic

357 4191 459 4241 decor
499 4191 551 4253 ris,
570 4191 742 4256 quodetiam
761 4192 910 4242 communie
929 4191 1036 4256 generis
1054 4190 1206 4242 inuenitur:
1226 4192 1297 4242 unde
1313 4191 1448 4242 Naeuius:
1467 4193 1657 4256 magnamque’
1678 4204 1701 4239 e.
1722 4206 1748 4256 q.
1767 4207 1794 4252 s.
1900 4191 1944 4242 111
1961 4192 2047 4241 Varro
2066 4191 2099 4240 de
2118 4193 2150 4242 L.

356 4278 388 4326 L.
408 4276 513 4326 V1123
532 4276 569 4325 M.
591 4277 694 4325 ‘rutis
716 4276 795 4328 nauis
817 4278 913 4344 leugae
929 4277 1013 4338 dixit,
1037 4283 1067 4327 ut
1090 4279 1210 4329 Naeuius
1234 4294 1315 4344 quom
1340 4278 1395 4328 ait:
1419 4276 1557 4327 conferre’
1583 4292 1607 4327 e.
1634 4291 1660 4341 q.
1684 4291 1707 4326 s.
1744 4277 1847 4328 ‘ratis
1872 4277 1946 4327 dicta
1971 4277 2049 4326 nauis
2069 4277 2153 4340 leuga

356 4369 467 4428 propter
484 4367 593 4413 remos!
630 4363 790 4430 Naeuius]
809 4364 939 4415 Ennius
958 4363 1018 4414 edd.
1038 4369 1091 4414 uet.
1128 4365 1243 4416 Videtur
1260 4367 1295 4416 sd
1312 4365 1419 4416 initium
1436 4363 1502 4414 belli
1515 4361 1686 4414 referendum

520 4602 560 4664 53
580 4607 740 4686 paciscunt
760 4606 882 4664 moenia
903 4609 1042 4664 editiones.
1064 4607 1224 4686 paciscunt
1245 4607 1402 4666 armoenia
1424 4609 1495 4666 libri.
1522 4605 1683 4686 paciscunt
1708 4613 1742 4662 ut
1769 4603 1890 4663 moenia
1919 4605 2065 4661 Mereerus

353 4707 413 4765 sint
440 4707 500 4786 (sin
523 4711 637 4776 Bamb.)
664 4726 744 4786 quae
769 4706 925 4764 Lutatium
945 4709 1016 4764 libri.
1044 4707 1142 4767 assint
1167 4728 1247 4790 quae
1276 4708 1445 4782 Lutatium,
1475 4717 1505 4766 ut
1532 4710 1584 4766 boc
1611 4722 1709 4763 nomen
1737 4709 1836 4764 ultimis
1862 4707 1974 4780 syllabis
2002 4709 2151 4764 contractis

350 4812 560 4880 pronuntietur,
583 4809 765 4865 Burmannus
851 4805 891 4864 54
912 4808 1112 4868 reconcilient
1134 4813 1323 4868 Hermannus.
1345 4808 1546 4868 reconcilient
1568 4808 1632 4866 libri
1736 4805 1817 4865 idem
1840 4815 2029 4880 comprensum
2050 4811 2077 4864 in
2107 4810 2150 4878 W,

352 4927 405 4965 orn.
425 4908 583 4966 Mercerus.
610 4905 710 4966 eidem
735 4910 916 4966 Burmannus
1001 4907 1042 4968 56
1070 4927 1111 4984 sp.
1148 4915 1251 4970 Vernus
1278 4913 1412 4983 disposuit
1440 4911 1565 4983 Sealr‘per
1657 4905 1697 4964 57
1728 4906 1861 4984 genuisti
1888 4907 2021 4982 Scalrper.
2052 4929 2148 4986 genus

352 5011 402 5069 isti
429 5011 488 5067 eod.
590 5005 630 5068 58
650 5013 828 5086 magnamquo
849 5011 935 5084 Lupd.
957 5011 1085 5068 Karolr'r.
1107 5031 1142 5068 m.
1166 5016 1212 5070 alt.
1238 5029 1348 5089 magna
1367 5029 1446 5090 quse
1470 5012 1538 5067 Pur.
1561 5027 1597 5065 rn.
1615 5027 1675 5082 pn,
1697 5025 1772 5066 corr.
1795 5011 1842 5065 ult.
1864 5027 2003 5086 magnam
2025 5011 2149 5084 Sanpall.

353 5113 478 5168 Karallr.
504 5129 539 5166 nr.
564 5129 611 5184 pr.
636 5111 727 5168 Prisc.
815 5119 968 5169 uexerant
994 5115 1022 5168 in
1046 5122 1198 5170 uexerant
1226 5123 1292 5170 muel.
1320 5114 1460 5170 Helberst.
1486 5119 1638 5169 uexerant
1661 5111 1777 5184 ‘pitres
1805 5109 1880 5166 librr'
1914 5111 2003 5168 Prisc.
2030 5111 2147 5167 Kreblr'r'.

352 5219 502 5270 uexerant
523 5215 612 5286 rrulpo.
645 5210 776 5271 duxerat
795 5215 942 5287 Lexieopr.
971 5215 1056 5271 Valle.
1144 5209 1184 5271 59
1205 5213 1344 5272 conferre
1365 5223 1480 5292 queant
1500 5213 1623 5270 Turnebr'
1637 5213 1697 5268 eod.
1722 5210 1923 5292 conferreque
1947 5219 1999 5269 aut
2018 5213 2081 5268 llbn'
2101 5229 2146 5269 re-

351 5317 423 5370 licui.
446 5313 486 5388 rs.
511 5315 542 5370 0.
560 5312 712 5370 Muellerus
729 5315 799 5370 Aac.
817 5316 857 5371 acl
881 5317 965 5372 Varr.
985 5333 1017 5388 p.
1039 5311 1101 5373 303
1187 5313 1228 5374 60
1253 5313 1478 5393 perliquidum
1501 5315 1642 5388 scalper,
1664 5317 1713 5388 qui
1730 5317 1885 5387 cetusquin
1906 5331 2007 5386 mapsa
2028 5315 2147 5368 audacia

355 5416 452 5484 Ennii,
474 5431 554 5489 quem
580 5417 761 5489 opinabatur,
782 5416 960 5472 hexametros
981 5417 1050 5472 duos
1071 5417 1230 5487 exscerlprsr'l.
1253 5415 1332 5492 perit
1354 5413 1448 5492 (parit
1471 5417 1538 5472 Par.
1567 5417 1596 5482 b)
1618 5423 1649 5474 et
1668 5421 1734 5484 (om.
1757 5415 1827 5471 Par.
1848 5419 1881 5484 a)
1903 5413 1955 5492 qui
1977 5411 2048 5470 dum
2068 5415 2146 5471 codd

439 5525 531 5595 utque
554 5525 626 5576 cunt
647 5519 677 5574 0.
694 5518 853 5574 Muellerus.
879 5523 951 5574 eunt
978 5523 1071 5594 atque
1091 5517 1155 5572 libri
1238 5511 1381 5573 sedentes
1403 5517 1541 5573 editores.
1565 5512 1709 5575 sedantes
1731 5517 1816 5656 cmii
1836 5531 1929 5577 omnes
