4910 6372
973 1323 1492 1427 FRAGMENTA

1056 1695 1083 1758 E
1105 1695 1242 1761 Llsslto
1266 1697 1407 1762 PRIMO

1205 1885 1251 1956 Ι*

594 2017 742 2092 Nouem
765 2021 870 2094 Iouis
891 2019 1242 2094 concordes-filiae
1267 2022 1417 2092 sorores

1198 2189 1264 2263 Π*

588 2323 797 2422 Postqueim
819 2328 912 2400 aues
934 2267 1157 2425 aspexit-in
1180 2323 1322 2424 templo
1343 2323 1539 2419 Anchise,

592 2457 710 2532 Sacra
732 2462 771 2534 ln
792 2464 923 2534 meuse
941 2461 1170 2535 Pontii-um
1190 2461 1323 2534 6rdine
1341 2461 1551 2560 ponuntur:

589 2593 846 2694 Auritamque
870 2596 1307 2672 inmolibet-uictimeim
1328 2595 1512 2696 pulcram.

1179 2768 1267 2841 III*

517 2915 536 2972 5
589 2901 664 2974 Res
689 2901 799 2976 diues
823 2901 938 2976 edicit
958 2904 1169 3002 praedicit
1191 2905 1318 2977 cestus

495 3121 595 3174 LIBRI
614 3123 627 3172 1
663 3125 676 3176 1
695 3125 799 3174 Marius
816 3125 974 3176 Victorinus
992 3126 1026 3176 de
1045 3125 1174 3179 Saturnio
1189 3139 1271 3176 uersu
1289 3141 1315 3192 p.
1335 3124 1403 3177 ²587
1420 3125 1452 3174 P.
1472 3121 1530 3188 (1111
1553 3123 1597 3188 G.)
1617 3124 1714 3172 ‘nostri
1731 3158 1738 3171 .
1758 3164 1763 3175 .
1782 3159 1789 3172 .
1809 3121 1968 3174 durissimos
1992 3125 2123 3190 iecerunt,

329 3202 412 3252 etiam
430 3204 499 3254 ellos
518 3207 627 3274 longos,
647 3209 716 3260 elios
732 3210 871 3261 breuiores
894 3212 1081 3275 inseruerunt,
1103 3227 1216 3277 quorum
1240 3217 1283 3262 est
1306 3211 1351 3261 hic
1372 3248 1378 3261 .
1399 3247 1406 3262 .
1427 3246 1434 3260 .
1458 3213 1485 3259 et
1508 3207 1580 3275 epud
1605 3208 1752 3260 Naeuium:
1775 3213 1883 3258 nouem'
1910 3225 1933 3259 e.
1959 3227 1985 3276 q.
2012 3227 2035 3261 s.
2079 3213 2123 3263 Gi.

327 3286 398 3337 idem
414 3305 439 3354 p.
461 3291 530 3342 2588
548 3294 579 3344 Ρ.
601 3293 662 3359 (192
683 3295 727 3361 G.)
748 3297 827 3346 ‘iem
844 3313 931 3362 nnnc
948 3303 1055 3348 uocet
1074 3297 1263 3348 Osmoenaa
1287 3298 1363 3364 quis
1389 3311 1510 3347 nouem
1532 3299 1691 3344 sorores.’
1729 3293 1830 3344 Atilius
1854 3295 2070 3347 Fortunatianus
2089 3299 2123 3349 de

328 3371 457 3426 Saturnio
475 3393 556 3429 uersu
574 3395 600 3444 p.
619 3380 689 3432 2680
706 3369 740 3434 P.
759 3381 821 3447 (3²4
841 3383 886 3449 G.)
907 3382 991 3449 ‘epod
1012 3383 1145 3432 Naeuium
1163 3386 1273 3450 poitam
1296 3383 1346 3434 hos
1368 3382 1476 3447 repperi
1497 3381 1624 3431 idoneos:
1648 3377 1673 3443 (1
1702 3379 1735 3430 ir.
1756 3380 1836 3446 xm)
1855 3387 1883 3432 et
1905 3381 1959 3432 elio
1981 3382 2053 3433 loco:
2077 3399 2124 3434 no·

329 3465 400 3508 Μ’
419 3477 442 3511 e.
464 3477 489 3527 q.
510 3480 532 3514 s.
570 3465 612 3516 Cf.
633 3467 814 3518 Terentianus
830 3470 943 3520 Maurus
962 3484 988 3518 u.
1008 3469 1206 3520 tatthaeum.
1226 3475 1279 3520 ‘ut
1297 3470 1327 3519 si
1346 3473 1454 3518 uocet
1476 3467 1640 3517 Camenas
1661 3465 1737 3530 quis
1755 3479 1871 3516 nonem
1896 3474 2053 3518 sorores.’
2091 3469 2123 3520 In

328 3545 406 3597 initio
437 3551 564 3600 carminis
592 3555 714 3618 reposuit
741 3555 829 3607 editor
859 3556 1010 3620 Lipsiensis
1125 3556 1154 3606 11
1185 3556 1289 3606 Probus
1316 3557 1345 3604 in
1373 3554 1455 3618 Verg.
1480 3551 1540 3602 Ecl.
1565 3551 1596 3612 6,
1626 3551 1657 3602 81
1684 3567 1710 3616 p.
1741 3553 1773 3603 14
1803 3551 1874 3602 Keil.
1902 3554 1997 3618 ‘poiite
2019 3555 2122 3606 Ennius

327 3632 463 3684 Anchisen
481 3639 590 3702 augurii
605 3654 637 3688 ao
655 3654 702 3704 per
720 3641 771 3692 hoc
789 3641 875 3710 diuini
894 3641 1023 3706 quiddam
1041 3640 1170 3692 habuisse
1187 3642 1335 3708 praesumit
1359 3641 1413 3690 sic:
1438 3640 1600 3705 doctusqne‘
1627 3654 1650 3689 e.
1671 3655 1697 3704 q.
1716 3654 1739 3689 s.
1783 3639 1915 3691 ‘Naeuius
1939 3637 2003 3688 belli
2024 3641 2120 3691 Punici

326 3717 395 3769 libro
414 3721 495 3772 tertio
511 3723 565 3772 sic:
589 3730 744 3790 postquem’
771 3741 794 3776 e.
818 3741 844 3791 q.
871 3742 893 3777 s.
931 3727 1063 3792 Cynthius
1087 3728 1246 3779 Cenetensis
1270 3729 1298 3778 in
1320 3729 1402 3792 Verg.
1422 3727 1490 3777 Aen.
1511 3725 1539 3775 11
1560 3726 1611 3777 687
1636 3723 1679 3788 (A.
1704 3725 1760 3776 Mei
1783 3730 1856 3776 auct.
1880 3724 1960 3775 cleas.
1983 3725 2037 3776 vn
2058 3727 2120 3792 386)

327 3805 470 3856 ‘Anchises
496 3813 574 3859 uetes
593 3811 645 3860 fuit
667 3817 763 3861 auctor
788 3811 938 3863 diuinandi.
976 3815 1094 3864 Ennius:
1121 3815 1273 3879 doctusque
1294 3812 1427 3863 Anchises
1450 3813 1537 3864 uenis.
1582 3813 1619 3862 Isi
1641 3811 1762 3862 Naeuius
1787 3809 1852 3860 helli
1876 3811 1972 3861 Punici
1994 3811 2040 3862 lib.
2064 3813 2120 3863 111:

325 3889 426 3955 templo
445 3928 452 3941 .
473 3930 479 3942 .
501 3931 507 3944 .
528 3901 684 3959 ponuntur.’
722 3898 763 3948 Oi.
784 3896 874 3949 Schol.
894 3899 993 3949 Veron.
1014 3899 1240 3950 innuuntur
1259 3915 1285 3963 p.
1298 3899 1332 3948 66
1348 3898 1419 3950 Keil.
1457 3899 1584 3964 ‘peritum
1603 3896 1750 3946 mulierum
1767 3896 1971 3961 disciplinarum
1985 3899 2121 3949 Anchisen

326 3975 411 4027 fuisse
431 3976 470 4043 [et
488 3979 575 4030 diuini
593 3983 721 4047 quiddam
737 3983 865 4034 habuisse
883 3984 998 4047 probare
1015 3983 1142 4052 ponsunt
1153 3983 1285 4050 Naeu[ius
1303 3990 1331 4034 et
1347 3985 1451 4035 Ennius
1469 3985 1499 4034 in
1516 3981 1573 4048 an.]
1591 3983 1694 4046 quiite
1712 3981 1747 4031 de
1764 3997 1797 4033 eo
1815 3983 1867 4032 ait:
1884 3983 1980 4034 doetus
1991 3985 2122 4036 Anchisa’

326 4076 349 4112 e.
370 4077 396 4126 q.
417 4079 439 4113 s.
478 4065 520 4115 Ad
542 4068 657 4132 primum
675 4069 773 4120 librum
790 4070 912 4120 referunt
933 4071 1050 4121 editores
1074 4077 1182 4136 praeter
1206 4072 1431 4132 Klossmauuum,
1455 4071 1502 4136 qui
1524 4069 1589 4119 dum
1612 4067 1725 4118 seorsim
1748 4083 1765 4118 a
1785 4069 1883 4119 ceteris
1906 4069 2027 4122 iudicare
2052 4071 2120 4132 uult,

328 4163 416 4212 nopes
439 4151 608 4216 excogitauit
712 4156 755 4206 111
773 4157 877 4207 Neuius
895 4172 921 4220 p.
948 4157 1011 4218 197,
1037 4158 1068 4208 15
1092 4158 1251 4207 ‘castitas
1273 4162 1302 4206 et
1327 4157 1490 4207 castimonie
1508 4154 1615 4220 generis
1639 4152 1770 4202 seminini.
1807 4154 1952 4206 Masculiui
1975 4159 2063 4208 Varro
2082 4173 2121 4208 re·

327 4249 386 4283 rnm
406 4234 559 4287 diuinarum
576 4238 624 4290 lib.
644 4240 671 4289 I:
690 4247 784 4293 nostro
801 4244 856 4293 ritu
876 4247 940 4292 sunt
958 4241 1084 4292 iacienda
1107 4258 1188 4308 quam
1209 4242 1251 4292 his
1274 4241 1415 4306 ciuilibus,
1435 4243 1541 4293 Graeco
1558 4245 1645 4290 cestu.
1665 4239 1753 4290 ldem:
1774 4244 1802 4288 et
1818 4238 1963 4304 religiones
1982 4249 2008 4292 et
2027 4249 2120 4292 cestus

327 4320 355 4370 id
374 4329 504 4386 possunt,
522 4329 554 4374 ut
569 4341 601 4374 ex
620 4327 740 4390 periculo
758 4329 877 4394 eripient
894 4333 998 4380 nostro.
1035 4329 1137 4378 Neuius
1151 4330 1270 4379 carmine
1288 4329 1384 4379 Punici
1403 4327 1480 4378 belli:
1499 4331 1553 4378 res’
1573 4341 1597 4380 e.
1617 4342 1643 4391 q.
1664 4341 1686 4378 s.
1724 4327 1870 4378 Anchisam
1890 4328 1966 4388 dicit,
1983 4329 2011 4378 ni
2031 4327 2119 4388 fallor,

326 4409 422 4470 potita:
442 4410 515 4473 pium
534 4411 653 4461 Aeneam
672 4427 821 4478 agnoscere
840 4414 891 4465 sibi
910 4415 986 4465 uisus
1006 4421 1048 4465 est
1067 4414 1280 4478 massmannus,
1307 4419 1423 4465 castus
1442 4411 1479 4478 (h.
1499 4429 1522 4462 e.
1543 4412 1732 4478 coerimonias)
1755 4429 1896 4480 perperam
1920 4414 2102 4478 intellegendo

343 4557 423 4565 -—
442 4553 739 4569 .-.-......ι..-.

494 4651 504 4708 1
533 4673 644 4713 nauem
673 4658 732 4714 Vct.
757 4651 840 4714 5216
859 4650 985 4713 213402
1008 4657 1153 4713 Fortunat.
1239 4654 1437 4714 uoueimoues
1463 4655 1532 4710 Por.
1569 4657 1702 4712 Victorini
1787 4649 1805 4710 2
1834 4672 1907 4712 sues
1937 4655 1975 4711 H.
2002 4655 2117 4710 lr'citius.

323 4761 424 4810 autem
437 4753 505 4811 Pur.
528 4773 617 4813 auem
640 4761 732 4814 ceteri.
751 4754 854 4813 auium
868 4757 901 4812 G.
914 4757 1094 4812 Hermonnus
1105 4757 1193 4812 Elem.
1209 4757 1296 4810 doctr.
1317 4764 1395 4811 matr.
1413 4775 1445 4827 p.
1460 4751 1521 4813 632
1608 4755 1640 4812 iu
1658 4749 1783 4836 templo]
1806 4753 1920 4832 temple
1938 4755 2120 4812 Hermonem

408 4850 556 4932 Anchise]
570 4857 614 4929 Cf.
630 4856 812 4924 Quintilianus
828 4857 848 4913 1
864 4856 893 4927 5,
906 4855 940 4915 61
960 4857 1102 4914 Charisius
1120 4856 1140 4912 1
1152 4875 1186 4930 p.
1198 4850 1216 4912 8
1229 4857 1263 4915 P.
1276 4853 1309 4924 (9
1325 4857 1420 4924 Luci.)
1439 4853 1592 4913 Anchises
1621 4857 1682 4912 Vut.
1702 4857 1788 4913 Probi
1847 4849 1866 4910 3
1891 4854 2029 4913 inmense
2049 4857 2118 4930 Cyn·

322 4957 394 5010 thius
474 4956 516 5011 De
537 4960 628 5011 serris
652 4959 752 5012 mensis
773 4957 811 5028 cs.
833 4959 932 5016 Festus
948 4977 982 5030 p.
1007 4953 1065 5014 157
1090 4957 1129 5014 M.
1216 4962 1235 5013 4
1258 4965 1457 5035 auratamque
1477 4953 1651 5013 immolabat
1671 4957 1707 5012 H.
1731 4957 1844 5012 Ir'eitr'us.
1866 4954 2043 5015 immolabat
2064 4977 2116 5014 au·

322 5074 407 5114 reem
428 5057 498 5112 libri.
522 5055 695 5114 immolabat
713 5055 860 5114 Auratam
879 5057 1058 5113 Hermunuus
1142 5055 1300 5134 pulchram
1317 5059 1380 5114 libri
1463 5065 1624 5135 postquem
1642 5055 1743 5114 Auium
1760 5053 1903 5133 adspexit
1924 5056 2039 5135 templa
2052 5057 2115 5114 An·

323 5155 438 5226 chises,
468 5175 556 5214 sacra
581 5157 612 5214 iu
634 5176 739 5215 mensa
759 5153 763 5234 l
783 5155 944 5214 Penatium
972 5156 1126 5238 ponuntur
1153 5155 1274 5215 6rdine:
1303 5155 1479 5215 immolabat
1498 5153 1502 5236 l
1522 5161 1562 5215 A.
1587 5177 1616 5217 u.
1645 5177 1674 5236 p.
1703 5159 1885 5214 Hermonnus
1908 5165 1935 5214 et
1955 5159 2116 5226 Sohaemus,

322 5261 376 5314 sissi
392 5260 466 5330 quod
488 5259 533 5315 hic
552 5267 712 5337 postquam
731 5253 736 5334 Ι
756 5258 855 5316 Auem
883 5277 948 5336 asp.
977 5255 1015 5315 de
1033 5256 1147 5334 templo
1171 5266 1196 5312 et
1216 5256 1414 5337 pulcrumque
1436 5261 1537 5316 scribit.
1567 5262 1610 5334 Cf.
1639 5263 1687 5334 qui
1705 5261 1815 5315 nimium
1837 5259 2003 5315 emendandi
2022 5260 2049 5313 in
2073 5258 2117 5313 his

323 5361 447 5415 sinubus
471 5361 595 5415 licentius
618 5361 729 5414 indulsit
755 5359 879 5431 Scoliqcr
901 5363 939 5416 ud
967 5361 1052 5416 Veri.
1074 5361 1107 5414 ih·
1129 5359 1161 5416 L.
1185 5360 1207 5414 L
1235 5375 1265 5430 p.
1288 5354 1345 5416 124
1433 5357 1451 5417 5
1475 5361 1634 5432 Suppressu
1659 5365 1686 5415 in
1716 5369 1830 5434 utroque
1857 5359 2023 5416 hemistichio
2048 5359 2119 5414 thesi

324 5478 379 5515 uuo
399 5462 532 5532 iuteqrum
555 5476 666 5518 uersum
686 5461 799 5516 exhibui

1754 5541 1771 5601 2
