4910 6372
514 889 670 965 Seruius
693 892 733 964 in
758 891 852 965 Aen.
879 894 898 965 Ι
921 895 992 968 198
1021 901 1062 968 ‘0
1087 894 1206 967 socii
1298 951 1305 965 .
1330 905 1366 968 et
1385 904 1488 980 totus
1509 892 1573 967 hic
1590 883 1699 966 locus¹
1723 892 1770 966 de
1790 893 1937 968 Naeuio
1955 892 2048 967 belli
2067 895 2140 969 Pu-

346 1026 422 1099 nici
445 1024 512 1098 lib.
536 1025 744 1102 translatus
768 1033 848 1102 est’
2198 1005 2205 1014 ¹

1226 1193 1264 1270 X
1340 1216 1349 1235 .

512 1330 733 1404 Macrobius
757 1329 834 1404 Sat.
856 1331 912 1404 VI
932 1336 952 1404 2
982 1357 1018 1430 p.
1041 1335 1114 1406 514
1136 1332 1224 1407 Jan.
1251 1339 1358 1406 ‘sunt
1381 1332 1447 1406 alii
1468 1332 1543 1405 loci
1564 1331 1816 1430 plurimorum
1840 1357 2020 1406 uersuum
2044 1360 2139 1431 quos

345 1466 453 1538 Maro
483 1465 523 1537 in
551 1491 648 1566 opus
679 1491 790 1539 suum
818 1491 904 1540 oum
930 1493 1140 1566 paucorum
1168 1469 1417 1542 inmutatione
1445 1468 1651 1542 uerborum
1677 1494 1700 1540 a
1729 1467 1923 1542 ueteribus
1947 1468 2141 1542 transtulit

320 1616 354 1673 '.
380 1656 388 1672 .
412 1657 420 1673 .
448 1658 456 1673 .
483 1601 523 1674 in
544 1601 734 1700 principio
762 1602 955 1676 Aeneidos
978 1613 1184 1702 tempestas
1212 1604 1456 1698 describitur,
1482 1615 1518 1676 et
1537 1603 1669 1677 Venus
1691 1604 1795 1703 apud
1817 1605 1949 1678 Iouem
1972 1573 2141 1702 queritur

346 1735 393 1809 de
416 1735 597 1835 periculis
617 1734 704 1830 filii,
731 1748 767 1810 et
792 1723 964 1838 Iuppiter
986 1763 1070 1811 eam
1095 1712 1144 1813 de
1166 1740 1381 1814 futurorum
1404 1738 1658 1838 prosperitate
1681 1740 1837 1816 solatur.
1892 1741 1979 1814 Hic
2003 1739 2139 1815 locus

345 1884 470 1946 totus
499 1884 707 1970 sumptus
736 1899 758 1946 a
785 1857 962 1948 Naeuio
987 1885 1060 1948 est
1088 1901 1138 1947 ex
1165 1857 1315 1974 prirno
1346 1874 1473 1949 libro
1506 1873 1621 1948 belli
1650 1877 1829 1950 Punici.
1882 1875 1993 1950 Illic
2022 1876 2140 1950 enim

346 2033 492 2104 aeque
518 2008 679 2082 Venus
714 2007 934 2083 Troianis
963 2020 1246 2110 tempestate
1280 2009 1620 2084 laborantibus
1655 2035 1753 2084 oum
1780 2011 1892 2086 Ioue
1923 2011 2140 2109 queritur

347 2153 389 2214 et
415 2155 638 2216 secuntur
665 2143 814 2218 uerba
841 2145 973 2218 Iouis
1002 2143 1156 2218 filiam
1185 2144 1488 2219 consolantis
1525 2171 1605 2245 spe
1632 2145 1916 2221 futurorum!

1202 2316 1258 2388 XI
1270 2315 1289 2357 a

604 2449 755 2522 Patre'm
786 2449 895 2521 surim
925 2452 1370 2548 supremum-dptumum
1398 2447 1584 2549 ddpellat:

1196 2651 1302 2724 XII*

512 2780 667 2855 Seruius
703 2784 741 2856 in
770 2784 862 2858 Aen.
892 2787 947 2860 IV
973 2790 994 2858 9
1027 2788 1174 2862 ‘Anna
1201 2814 1344 2865 soror.
1378 2785 1496 2860 Cuius
1521 2785 1623 2860 filiae
1648 2787 1788 2861 fuerint
1814 2787 1925 2860 Anna
1952 2799 1988 2860 et
2015 2788 2138 2861 Dido

346 2916 514 2991 Naeuius
547 2917 664 2990 dixit?

1182 3111 1306 3184 XIII*

604 3239 750 3311 Ferrint
779 3238 932 3338 pulcrds
963 3245 1317 3319 creterras-atheta
1345 3242 1502 3342 lepistas

346 3473 447 3506 senex
468 3493 474 3506 .
494 3495 501 3508 .
521 3495 528 3506 .
548 3475 667 3510 marum
686 3475 734 3525 pro
754 3461 889 3511 marium.’
927 3462 968 3513 Ad
987 3465 1134 3515 Anchisam
1153 3467 1198 3530 qui
1217 3467 1246 3516 in
1266 3466 1397 3518 soluenda
1418 3479 1489 3516 naue
1507 3466 1662 3528 Neptunum
1684 3463 1848 3529 adloquatur
1871 3464 2027 3515 Schuettius
2046 3463 2139 3516 Kloss-

346 3557 514 3606 mannusque
532 3546 696 3596 rettulerunt
801 3549 841 3598 XI
858 3549 945 3598 Varro
964 3551 997 3598 de
1015 3551 1047 3600 L.
1068 3552 1100 3601 L.
1118 3552 1172 3602 VII
1191 3552 1221 3604 51
1240 3553 1277 3602 M.
1296 3551 1441 3602 ‘Naeuiusz
1461 3555 1575 3615 patrem'
1593 3565 1616 3599 e.
1637 3565 1663 3614 q.
1683 3565 1704 3599 s.
1725 3556 1929 3615 ‘supremum
1945 3566 1962 3600 a
1980 3566 2139 3615 superrumo

345 3629 468 3678 dietum:
506 3633 664 3683 Devenere
682 3632 783 3682 elatum
801 3635 955 3696 suspicatur
970 3634 1168 3686 Klussmaunus
1273 3638 1342 3688 XIII
1365 3636 1471 3686 Plotius
1494 3636 1527 3686 de
1550 3641 1637 3686 metro
1659 3637 1787 3686 Saturnio
1814 3651 1840 3700 p.
1866 3636 1934 3687 2650
1956 3637 1988 3687 Ρ.
2011 3635 2072 3699 (282
2092 3639 2137 3702 0.)

345 3715 518 3765 ‘Saturnium
538 3720 718 3782 compositum
736 3718 779 3768 uel
802 3720 913 3768 mixtum
931 3736 964 3769 ex
986 3721 1101 3772 iambico
1121 3729 1207 3773 metro
1226 3729 1254 3772 et
1272 3724 1424 3785 trochaico,
1443 3723 1559 3772 iambico
1582 3721 1697 3771 dimetro
1721 3720 1873 3785 amphionio
1891 3721 2075 3786 HipponactIo
2094 3737 2138 3772 ca·

344 3799 473 3851 talectico
502 3808 529 3851 et
556 3803 693 3854 trochaico
718 3804 832 3854 dimetro
858 3805 1095 3870 brachycatalecto
1116 3807 1305 3874 ithyphallico‚
1334 3808 1385 3858 hoc
1410 3813 1453 3858 est
1475 3808 1561 3857 tribus
1580 3807 1716 3856 trochaeis
1743 3806 1895 3870 composuit
1920 3807 2069 3858 Naeuius
2088 3809 2138 3858 hoc

347 3887 440 3934 inodo:
469 3887 606 3938 serunt.
628 3927 634 3938 .
656 3895 838 3939 creterras.
881 3891 942 3940 Huc
970 3907 1057 3957 usque
1083 3894 1294 3958 Hipponactium
1321 3894 1500 3958 amphioolum
1525 3893 1668 3942 diffletrum
1694 3892 1882 3943 catalecticum
1911 3893 2057 3943 iambicum
2087 3901 2138 3945 est.

346 3971 415 4018 Nam
432 3971 504 4035 quod
518 3976 640 4047 sequitur
652 3975 819 4025 trochaicum
835 3975 978 4026 dimetrum
994 3978 1260 4042 brachycatalectum
1275 3979 1488 4044 itlryphallicum,
1507 3978 1562 4028 tale
1577 3983 1632 4026 cst:
1651 3993 1776 4028 aureas
1793 3979 1951 4044 lepistas.
1983 3980 2139 4032 Nouissima

346 4055 454 4120 syllaba
472 4057 637 4109 indifferens.
675 4061 761 4109 Totus
784 4076 878 4110 uersus
897 4062 949 4111 sic:
974 4063 1089 4112 ferunt
1114 4100 1120 4111 .
1141 4100 1174 4112 ..
1200 4064 1354 4128 lepistas.
1385 4070 1412 4114 et
1430 4063 1562 4113 malum’
1583 4079 1606 4112 e.
1625 4079 1651 4127 q.
1672 4079 1694 4113 e.
1716 4063 1947 4126 (nouissima.
1969 4104 1975 4116 .
1997 4103 2003 4116 .
2024 4073 2056 4116 et
2075 4083 2138 4116 ma-

343 4141 408 4192 lum
431 4159 483 4192 orn.
504 4143 657 4210 Sangerm.)
695 4144 794 4194 nulius
813 4147 1028 4198 Fortunatianus
1048 4148 1082 4198 de
1106 4149 1234 4198 Saturnio
1261 4165 1341 4200 uersu
1362 4167 1388 4214 p.
1408 4147 1476 4200 2680
1495 4150 1525 4198 P.
1552 4145 1614 4211 (3⁶24
1633 4149 1677 4213 G.)
1703 4149 1788 4213 ‘apud
1806 4151 1939 4200 Naeuium
1963 4154 2071 4216 po'etam
2090 4153 2138 4202 hos

345 4231 451 4293 repperi
469 4229 593 4278 idoneos:
615 4230 728 4279 ferunt
751 4267 757 4280 .
779 4267 785 4278 .
806 4269 812 4280 .
835 4230 984 4296 lepistas
1011 4241 1038 4283 et
1062 4234 1115 4284 alio
1137 4234 1209 4285 loco:
1235 4251 1354 4286 nouem
1375 4274 1380 4284 .
1402 4273 1407 4285 .
1430 4273 1436 4284 .
1464 4240 1623 4283 sorores.'
1660 4235 1763 4284 Marius
1783 4235 1939 4286 Victorinus
1958 4238 1991 4288 de
2010 4239 2138 4287 Saturnio

344 4329 425 4364 uersu
451 4331 478 4379 p.
498 4315 566 4365 2587
595 4317 624 4364 Ρ.
652 4315 711 4378 (191
739 4315 784 4379 G.)
806 4317 904 4366 ‘nostri
928 4355 934 4367 .
956 4356 962 4368 .
983 4357 988 4369 .
1017 4320 1177 4371 durissimos
1201 4322 1338 4382 fecerunt,
1364 4323 1446 4370 etiam
1472 4319 1539 4370 alios
1565 4318 1677 4384 longos,
1703 4321 1773 4370 elios
1796 4322 1934 4372 breuiores
1952 4323 2137 4382 inseruerunt,

344 4415 456 4463 quorunr
483 4405 525 4448 est
551 4400 608 4450 hic:
634 4401 721 4450 turdis
745 4401 874 4452 edacibus
898 4403 974 4454 dolos
1001 4421 1142 4470 comparas
1171 4409 1265 4456 amice.
1302 4409 1386 4458 Item:
1416 4407 1530 4456 ferunt
1557 4442 1563 4454 .
1585 4442 1591 4454 .
1613 4443 1619 4454 .
1641 4405 1796 4470 lepistas.
1831 4411 1866 4460 Et
1895 4408 1967 4473 apud
1991 4409 2137 4459 Naeuium:

344 4479 458 4534 nonani
478 4522 484 4534 .
506 4522 512 4534 .
534 4521 540 4534 .
564 4491 721 4535 sorores)
759 4488 835 4538 Haec
855 4497 991 4554 postrema
1015 4492 1055 4540 ita
1076 4493 1202 4542 uidentur
1226 4493 1406 4542 emendanda:
1438 4498 1469 4541 et
1496 4491 1582 4556 apud
1609 4493 1781 4543 Naeuium:
1814 4494 1906 4543 ferunt
1927 4531 1933 4542 .
1956 4533 1962 4544 .
1984 4532 1989 4543 .
2014 4495 2137 4559 lapistus.

344 4571 439 4620 item:
467 4586 564 4620 nouem
590 4609 595 4620 .
617 4608 623 4619 .
644 4609 650 4620 .
678 4586 793 4624 sorores.
836 4576 877 4625 Ad
901 4563 1055 4626 conuiuirim
1079 4577 1113 4626 ab
1134 4578 1238 4628 Didone
1261 4585 1371 4643 propter
1393 4581 1510 4629 Aeneam
1531 4583 1655 4640 paratum
1676 4579 1763 4628 refero
1785 4595 1844 4628 curn
1863 4578 2047 4630 Klossmanno
2067 4581 2136 4632 conl.

344 4657 424 4720 Vcrg.
443 4659 509 4707 Aen.
531 4656 624 4708 1724:
644 4657 697 4705 nisi
716 4661 786 4722 qnod
804 4660 850 4710 ille
874 4661 942 4712 hoec
961 4661 995 4710 ad
1014 4663 1160 4712 secundum
1179 4665 1276 4715 librum
1295 4668 1429 4729 pertinere
1447 4665 1545 4714 statuit
2025 4664 2029 4672 '

342 4906 368 4952 et
394 4899 533 4954 Helberst.
563 4919 598 4954 m.
629 4903 676 4954 alt.
704 4907 733 4956 ut
760 4902 840 4971 trube
939 4899 1099 4959 adlocutus
1125 4905 1194 4960 Par.
1225 4923 1259 4959 m.
1286 4923 1334 4976 pr.
1369 4905 1507 4960 Halterst.
1536 4906 1634 4960 Bamb.
1663 4904 1813 4964 allocutus
1839 4907 1920 4978 uulpo
2016 4903 2053 4961 17
2088 4924 2137 4962 su·

344 5014 478 5072 promum
509 5005 662 5073 optumum
692 4996 829 5075 appellat
859 5001 936 5058 Flor.
965 5009 1002 5064 et,
1030 5005 1083 5056 nisi
1110 5005 1185 5074 quod
1211 5002 1370 5079 optimum,
1402 5005 1497 5060 Haun.
1525 5005 1669 5082 optimum
1699 5004 1837 5083 appellet
1859 5023 2030 5082 supremum
2056 5009 2138 5078 nubo

432 5093 467 5152 18
493 5095 607 5155 foriunt
626 5101 700 5154 Ler'd.
716 5101 798 5155 Plotii
814 5103 912 5172 priore
934 5102 992 5155 loco
1078 5100 1220 5176 pulchros
1244 5106 1303 5160 Vct.
1323 5098 1405 5161 5216
1419 5106 1619 5163 Fortunatiam'.
1642 5105 1786 5186 pdlchras
1805 5111 1890 5163 cruri
1975 5101 2136 5183 creterras]

343 5199 383 5269 rs.
406 5198 512 5252 Paulus
535 5201 610 5254 Festi
626 5218 657 5271 p.
682 5197 721 5256 53
745 5201 784 5255 M.
809 5202 912 5256 Nonius
932 5219 964 5272 p.
987 5197 1058 5270 517,
1083 5197 1132 5255 28.
1178 5211 1328 5260 creterras
1357 5205 1460 5262 Plotius
1481 5209 1529 5261 alt.
1548 5209 1620 5263 loco:
1649 5209 1688 5278 cs.
1712 5223 1809 5278 supro.
1834 5215 1968 5264 crateras
1991 5207 2136 5277 Sanyerm.

344 5299 425 5354 Plolir'
434 5317 482 5370 pr.
503 5301 570 5354 loro.
594 5307 717 5375 pateras
733 5303 950 5357 Formnatianue
1036 5319 1144 5358 aereas
1173 5303 1233 5357 Vct.
1257 5299 1339 5360 5216
1359 5307 1502 5362 Fortunat.
1525 5323 1696 5386 aureasque
1712 5308 1787 5363 Mur.
1806 5311 1961 5366 Victorinus
2044 5305 2136 5383 lepis·

343 5393 401 5474 tas]
421 5399 459 5471 rs.
483 5399 573 5455 Varro
589 5401 623 5455 de
637 5401 669 5454 L.
685 5401 717 5454 L.
734 5400 759 5455 V
772 5395 829 5457 123
843 5401 883 5454 Μ.
894 5403 999 5458 Paulus
1015 5404 1090 5458 Festi
1099 5421 1130 5473 p.
1148 5399 1206 5457 115
1223 5403 1263 5482 Μ.
1280 5402 1400 5480 lepidas
1415 5408 1640 5476 Fortunatus,
1658 5412 1712 5464 aas
1727 5411 1800 5481 quod
1812 5408 1938 5488 lepistas
1961 5410 2019 5465 Vct.
2038 5403 2121 5466 5216

1782 5505 1821 5564 2*
