4910 6372
991 1677 1124 1783 CN.
1197 1679 1248 1782 N
1266 1676 1505 1780 AEVI

640 1930 643 1936 ·
746 1931 828 2016 nn
863 1934 1069 2016 annno
1108 1856 1348 2017 evinco
1385 1931 1743 2021 nnntovmn

517 2399 678 2464 Comitem
700 2401 914 2486 gratulationi
933 2409 1064 2464 nostrae
1087 2397 1205 2464 Naeuii
1229 2399 1269 2464 de
1291 2399 1378 2464 bello
1398 2399 1523 2464 Punico
1550 2397 1743 2485 quantillam
1767 2403 1892 2482 partem
1913 2395 2139 2480 grammatico-

350 2541 422 2584 rum
449 2518 612 2582 industria
633 2515 676 2582 ab
702 2517 838 2581 interitu
867 2517 1051 2582 uindicauit
1078 2515 1213 2581 subieci.
1259 2515 1299 2581 In
1318 2540 1383 2604 qua
1406 2539 1505 2603 opera
1525 2539 1567 2580 ne
1594 2514 1668 2602 plus
1697 2514 1939 2601 expectaueris,
1964 2534 2062 2600 quam
2084 2524 2141 2578 aut

352 2636 513 2701 noluerim
536 2643 593 2698 ant
615 2634 754 2698 fortasse
777 2635 939 2721 potuerim
959 2645 1142 2721 praestare,
1165 2635 1226 2700 hoc
1246 2635 1332 2700 scias
1355 2658 1407 2700 me
1427 2635 1603 2722 praecipue
1626 2634 1750 2718 egisse,
1771 2640 1808 2695 ut
1835 2641 1868 2694 et
1890 2631 2011 2696 rectius
2030 2651 2140 2694 nume·

350 2776 406 2818 rus
432 2773 587 2816 uersuum
603 2754 874 2830 constitueretur,
898 2764 931 2816 ct
950 2751 1079 2840 plenius
1101 2775 1139 2817 ac
1159 2753 1281 2816 certius
1302 2761 1369 2816 tam
1390 2752 1430 2817 de
1446 2753 1747 2837 grammaticorum,
1770 2751 1827 2836 qui
1852 2749 1970 2814 Naeuii
1989 2747 2141 2811 uersibus

350 2879 507 2950 utuntur,
530 2871 727 2934 testimoniis
748 2892 846 2958 quam
869 2870 909 2935 de
925 2869 1082 2936 librorum
1098 2872 1133 2934 in
1147 2871 1198 2934 his
1220 2869 1369 2956 reliquiis
1391 2870 1572 2956 scripturae
1593 2871 1752 2934 uarietate
1775 2877 1949 2932 constaret.
1995 2866 2141 2946 Quorum

351 2990 379 3050 si
403 2986 485 3051 illud
508 2986 605 3074 paulo
628 2987 757 3052 felicius
786 3011 883 3076 quem
913 2991 1054 3054 editores
1086 2990 1271 3074 superiores
1301 2989 1485 3052 instituisse
1510 2988 1663 3068 uidebor,
1689 2987 1750 3052 hoc
1776 2983 1867 3049 TVA
1896 2995 1964 3050 arte
1991 2985 2141 3048 effectum

351 3115 418 3188 est,
445 3127 510 3192 qna
531 3104 726 3170 fluctuantes
748 3117 824 3171 ante
847 3107 887 3172 de
910 3107 1137 3172 Saturniorum
1159 3116 1277 3172 natura
1300 3107 1478 3170 sententias
1498 3107 1634 3170 inuenta
1663 3127 1680 3168 e
1707 3113 1988 3168 monumentorum
2008 3100 2141 3166 indiciis

353 3245 467 3288 norma
489 3225 653 3287 constanti
677 3223 881 3290 stabiliuisti.
927 3225 967 3308 In
987 3247 1084 3312 quam
1106 3247 1252 3290 normam
1273 3247 1339 3290 non
1360 3223 1453 3310 coegi
1477 3224 1630 3310 equidem
1650 3224 1773 3288 inuitos
1802 3244 1917 3288 uersus
1940 3221 2140 3298 Naeuianos,

350 3341 410 3405 sed
427 3363 470 3404 an
490 3343 520 3404 ei
543 3363 577 3406 se
597 3341 774 3406 subderent
794 3365 854 3408 sua
882 3353 997 3431 sponte
1026 3342 1229 3431 periclitatus
1257 3365 1339 3408 sum.
1386 3341 1499 3429 Neque
1531 3343 1616 3406 enim
1644 3363 1690 3405 ea,
1710 3342 1794 3406 ratio
1820 3341 1908 3406 inter
1934 3345 2143 3404 monumenta

350 3459 591 3544 scriptoresque
614 3468 721 3523 aetate
744 3483 902 3548 suppares
925 3461 1116 3542 intercedit,
1138 3471 1174 3525 ut
1195 3471 1326 3524 seruata
1346 3461 1381 3523 in
1402 3461 1591 3524 uniuersum
1611 3460 1741 3525 illorum
1757 3460 1942 3526 constantia
1958 3479 2024 3522 non
2045 3474 2142 3541 quae·

350 3577 425 3640 dam
447 3587 504 3640 aut
525 3599 648 3641 nouare
670 3587 727 3640 aut
749 3577 885 3643 liberius
909 3579 1029 3644 habere
1053 3580 1227 3666 scriptores
1247 3579 1423 3665 potuerint.
1469 3578 1598 3658 Quare
1620 3588 1735 3666 poetae
1758 3599 1853 3640 usum
1881 3597 1923 3640 ex
1953 3574 2035 3661 ipsis
2067 3571 2141 3637 reli·

293 3752 297 3758 .
349 3695 435 3780 quiis
452 3695 634 3758 sciscitanti
648 3694 728 3758 mihi
751 3717 817 3760 non
833 3699 973 3762 occurrit
981 3747 989 3778 ,
1011 3697 1068 3783 qui
1089 3697 1119 3760 oi
1139 3697 1264 3761 formae
1286 3695 1449 3760 obstinate
1465 3695 1702 3781 refragaretur,
1724 3693 1920 3760 uersicidus.
1966 3693 2068 3756 Imtno
2087 3689 2142 3754 ed·

350 3814 460 3877 missis
484 3813 548 3894 eis,
571 3793 653 3898 quas
676 3812 752 3876 huie
774 3816 887 3898 generi
909 3816 1099 3880 concessisti
1120 3815 1279 3896 licentiis,
1302 3815 1441 3898 contigit
1462 3823 1499 3878 ut
1520 3813 1639 3879 bonam
1661 3825 1787 3900 partem
1807 3813 2036 3898 reliquiarum,
2060 3829 2143 3896 quas

350 3931 428 3994 olim
452 3929 585 3995 mutilos
611 3941 667 3995 aut
696 3933 803 4018 capite
826 3943 884 3996 aut
912 3933 976 3998 fine
1003 3955 1120 4004 uersus
1147 3932 1324 4014 haberent,
1351 3932 1495 4016 integros
1523 3933 1745 3996 restituerem:
1773 3931 1810 3996 in
1837 3952 1901 4016 quo
1932 3951 1997 3994 non
2028 3947 2143 3992 uereor

349 4049 529 4134 peritorum
556 4049 858 4136 reprehensionem,
888 4052 945 4138 qui
967 4052 1197 4136 grammaticos
1222 4050 1249 4112 si
1272 4072 1337 4114 non
1361 4071 1473 4114 omnes
1495 4059 1528 4113 at
1555 4047 1674 4134 multos
1696 4049 1851 4114 nouerint
1872 4047 1986 4134 plenos
2013 4045 2143 4132 saepius

350 4189 447 4252 quam
481 4167 668 4232 dimidiatos
701 4189 819 4232 uersus
849 4168 989 4232 adferre.
1033 4167 1152 4232 Altera
1179 4190 1298 4254 operae
1325 4189 1417 4232 meae
1448 4189 1524 4254 pars
1553 4167 1588 4230 in
1618 4165 1827 4230 adnotatione
1858 4165 1982 4252 duplici
2004 4172 2142 4242 constat,

309 4278 311 4282 ’
350 4302 487 4369 quarum
504 4283 610 4364 illam,
632 4307 697 4371 qua
718 4285 821 4350 uerba
835 4288 1120 4370 grammaticorum
1143 4308 1240 4374 quam
1259 4284 1459 4372 plenissumo
1481 4285 1674 4370 perscripsi,
1689 4282 1871 4346 industriae
1892 4303 1984 4345 meae
2003 4279 2143 4358 ascribo,

350 4422 416 4487 qua
439 4424 503 4464 non
526 4402 706 4466 detrectari
727 4385 908 4467 molestiam
927 4405 1047 4468 totiens
1069 4404 1355 4489 grammaticorum
1377 4402 1545 4467 uolumina
1567 4403 1608 4466 de
1627 4403 1677 4466 his
1700 4400 1848 4487 reliquiis
1868 4399 2059 4465 euoluendi:
2082 4398 2143 4462 cri-

313 4499 316 4504 ¹
351 4521 452 4584 ticum
475 4531 584 4584 autem
607 4531 800 4608 apparatum
820 4521 855 4584 in
875 4523 989 4608 primis
1014 4520 1208 4608 locupletem
1232 4520 1390 4586 exhibere
1415 4522 1622 4606 egregiorum
1643 4521 1789 4584 uirorum
1816 4519 1981 4584 Hertzii
2011 4514 2143 4580 Keilii

350 4638 618 4703 Fleckeiseni
638 4639 749 4702 nescio
770 4649 879 4703 utrum
901 4637 979 4703 TVI
1006 4639 1151 4703 studium
1179 4661 1223 4703 an
1244 4639 1308 4702 mei
1337 4638 1594 4703 beniuolentiam
1622 4639 1731 4725 potius
1760 4638 1866 4702 dicam
1893 4636 2053 4723 permisit.
2098 4634 2144 4698 At

349 4757 498 4837 tortium,
520 4755 607 4841 quod
623 4756 692 4820 iure
711 4757 793 4822 solet
808 4756 850 4821 ab
874 4779 928 4838 co,
951 4759 1007 4844 qui
1029 4755 1190 4842 deperditi
1210 4765 1325 4842 potitae
1347 4756 1503 4843 reliquias
1523 4755 1606 4838 edit,
1628 4757 1812 4842 expectari,
1834 4767 1870 4820 ut
1892 4751 2144 4840 efragminibus

352 4873 494 4958 speciem
516 4871 681 4957 quandam
703 4872 823 4957 integri
846 4875 1001 4938 carminis
1023 4865 1428 4960 adumbret,·prohibente
1457 4884 1490 4938 et
1511 4875 1769 4960 fragmentorum
1792 4873 1979 4940 conditione
2002 4879 2034 4935 et
2063 4881 2143 4933 tem-

351 5011 427 5075 pore
451 4989 624 5074 animoque
648 5011 734 5054 nunc
763 5013 827 5054 non
855 4993 1066 5078 pertrectaui.
1112 4991 1243 5056 Etenim
1267 5015 1340 5056 cum
1369 5002 1402 5056 et
1423 4993 1651 5079 paucissumae
1674 4991 1833 5079 reliquiae
1860 4992 1926 5054 sint
1953 5013 1970 5054 e
2000 4989 2143 5053 carmine

352 5129 417 5170 non
441 5106 487 5171 ita
510 5117 650 5192 angusto
670 5117 702 5170 ct
722 5117 789 5172 tam
811 5109 965 5194 ambiguo
988 5108 1162 5196 pleraeque
1185 5133 1284 5174 sensu
1306 5120 1342 5174 ut
1366 5109 1568 5197 Oedipodem
1592 5109 1656 5175 sibi
1678 5111 1843 5197 roquirere
1864 5108 2051 5185 uideantur,
2074 5114 2143 5168 tum

353 5225 393 5287 de
418 5226 504 5288 notis
524 5224 697 5306 librorum,
723 5225 809 5290 unde
828 5227 991 5313 proficisci
1012 5227 1111 5292 debet
1131 5228 1187 5313 qui
1210 5239 1305 5292 caute
1328 5250 1393 5293 non
1414 5237 1537 5293 temere
1559 5251 1628 5293 rem
1653 5250 1751 5314 agero
1774 5229 1878 5314 cupit,
1902 5228 2020 5290 mirum
2043 5243 2143 5310 quan·

352 5353 419 5404 tum
441 5342 523 5406 fides
546 5344 830 5428 grammaticorum
855 5367 913 5408 nos
936 5345 1096 5410 destinuit.
1156 5345 1241 5408 Nam
1266 5367 1339 5410 cum
1363 5367 1383 5408 a
1407 5347 1630 5431 grammaticis
1652 5347 1687 5409 in
1712 5347 1851 5434 primum
1871 5345 1991 5409 librum
2014 5342 2058 5406 M'
2079 5340 2143 5404 Va·

354 5457 457 5522 lenius
480 5459 610 5542 consul,
633 5461 666 5524 in
687 5461 818 5525 tortium
841 5461 1001 5526 inferatur
1020 5462 1201 5539 Anchises,
1226 5463 1267 5526 ad
1298 5462 1477 5527 seeundum
1501 5463 1590 5527 Dido
1620 5463 1799 5548 relegetur,
1827 5473 1940 5529 contra
1962 5462 2143 5547 Prochytae
